@article{artemenko2016formation,
  title={Formation and dynamics of a plasma in superstrong laser fields including radiative and quantum electrodynamics effects},
  author={Artemenko, Ivan Igorevich and Golovanov, Anton Aleksandrovich and Kostyukov, I Yu and Kukushkina, Tat'yana Mikhailovna and Lebedev, Vsevolod Sergeevich and Nerush, Evgenii Nikolaevich and Samsonov, Aleksandr Sergeevich and Serebryakov, Dmitrii Andreevich},
  journal={JETP letters},
  volume={104},
  number={12},
  pages={883--891},
  year={2016},
  publisher={Pleiades Publishing},
  authorscopus = {true},
  authorvak = {true},
  doi = {10.1134/S0021364016240085},
}

@article{samsonov2018asymptotic,
  title={Asymptotic electron motion in the strongly-radiation-dominated regime},
  author={Samsonov, AS and Nerush, EN and Kostyukov, I Yu},
  journal={Physical Review A},
  volume={98},
  number={5},
  pages={053858},
  year={2018},
  publisher={APS},
  authorscopus = {true},
  authorvak = {true},
  doi = {10.1103/PhysRevA.98.053858}
}

@article{samsonov2019laser,
  title={Laser-driven vacuum breakdown waves},
  author={Samsonov, AS and Nerush, EN and Kostyukov, I Yu},
  journal={Scientific reports},
  volume={9},
  number={1},
  pages={1--11},
  year={2019},
  publisher={Nature Publishing Group},
  authorscopus = {true},
  authorvak = {true},
  doi = {10.1038/s41598-019-47355-6}
}

@inproceedings{samsonov2020superluminal,
  title={Superluminal phase velocity approach for suppression of Numerical Cherenkov Instability in Maxwell solver},
  author={Samsonov, A and Pukhov, A and Kostyukov, I},
  booktitle={Journal of Physics: Conference Series},
  volume={1692},
  number={1},
  pages={012002},
  year={2020},
  organization={IOP Publishing},
  authorscopus = {true},
  authorvak = {true},
  doi = {10.1088/1742-6596/1692/1/012002}
}

@article{samsonov2021hydrodynamical,
  title={Hydrodynamical model of QED cascade expansion in an extremely strong laser pulse},
  author={Samsonov, AS and Kostyukov, I Yu and Nerush, EN},
  journal={Matter and Radiation at Extremes},
  volume={6},
  number={3},
  pages={034401},
  year={2021},
  publisher={China Academy of Engineering Physics},
  authorscopus = {true},
  authorvak = {true},
  doi = {10.1063/5.0035347}
}

@article{samsonov2021effect,
  title={Effect of electron--positron plasma production on the generation of a magnetic field in laser-plasma interactions},
  author={Samsonov, Aleksandr Sergeevich and Nerush, Evgenii Nikolaevich and Kostyukov, I Yu},
  journal={Quantum Electronics},
  volume={51},
  number={10},
  pages={861},
  year={2021},
  publisher={IOP Publishing},
  authorscopus = {true},
  authorvak = {true},
  doi = {10.1070/QEL17601}
}


@article{samsonov2021beamstrahlung,
  title={Beamstrahlung-enhanced disruption in beam-beam interaction},
  author={Samsonov, Alexander and Nerush, Evgeny Nikolaevich and Kostyukov, Igor and Filipovic, Marko and Baumann, Christoph and Pukhov, Alexander},
  journal={New Journal of Physics},
  volume={23},
  number={10},
  pages={103040},
  year={2021},
  publisher={IOP Publishing},
  authorscopus = {true},
  authorvak = {true},
  doi = {10.1088/1367-2630/ac2e84}
}

@article{filipovic2021effect,
  title={Effect of transverse displacement of charged particle beams on quantum electrodynamic processes during their collision},
  author={Filipovic, M and Baumann, Christoph and Pukhov, Alexander M and Samsonov, Aleksandr Sergeevich and Kostyukov, I Yu},
  journal={Quantum Electronics},
  volume={51},
  number={9},
  pages={807},
  year={2021},
  publisher={IOP Publishing},
  authorscopus = {true},
  authorvak = {true},
  doi = {10.1070/QEL17606}
}

@article{samsonov2022simulation,
  title={Simulation of Gamma-Ray Generation in Interaction of High-Current Ultrarelativistic Particle Beams with Plasma},
  author={Samsonov, AS and Kostyukov, I Yu},
  journal={Optics and Spectroscopy},
  volume={130},
  number={3},
  pages={219--223},
  year={2022},
  publisher={Pleiades Publishing},
  authorscopus = {true},
  authorvak = {true},
  doi = {10.1134/S0030400X22030134}
}

@article{samsonov2022high,
  title={High-order corrections to the radiation-free dynamics of an electron in the strongly radiation-dominated regime},
  author={Samsonov, AS and Nerush, EN and Kostyukov, I Yu},
  journal={Matter and Radiation at Extremes},
  volume={8},
  number={1},
  pages={014402},
  year={2022},
  publisher={AIP Publishing},
  authorscopus = {true},
  authorvak = {true},
  doi = {10.1063/5.0117504}
}

@inproceedings{samsonov2018NW,
  title={Ускорение ионов в режиме светового паруса с учётом квантово-электродинамических эффектов},
  author={Самсонов, А С and Неруш, Е Н and Костюков, И Ю},
  booktitle={XVIII Научная школа «Нелинейные волны 2018»},
  year={Нижний Новгород, 2018},
  pages={161-163},
  authorconf = {true}
}

@inproceedings{samsonov2019FNP,
  title={$e^–e^+$ cushion formation in the interaction of extremely intensive radiation with solid target},
  author={Samsonov, A S and Kostyukov, I {Yu} and Nerush, E N},
  booktitle={VII International Conference <<Frontiers of Nonlinear Physics>>},
  year={Nizhny Novgorod, 2019},
  % pages={161-163},
  authorconf = {true}
}

@inproceedings{samsonov2020NW,
  title={Исследование квантово-электродинамического каскада, возникающего при взаимодействии экстремально интенсивного лазерного излучения с твердотельной мишенью},
  author={Самсонов, А С and Костюков, И Ю and Неруш, Е Н},
  booktitle={XIX Научная школа «Нелинейные волны 2020»},
  year={Нижний Новгород, 2020},
  pages={214-216},
  authorconf = {true}
}

@inproceedings{samsonov2020UFL,
  title={Analytical model of the QED cascade development in the plane wave},
  author={Samsonov, A S and Kostyukov, I Yu and Nerush, E N},
  booktitle={IV International Conference on Ultrafast Optical Science <<UltrafastLight-2020>>},
  year={Moscow, 2020},
  pages={51},
  authorconf = {true}
}

@inproceedings{samsonov2020Math,
  title={Подавление черенковской неустойчивости в схеме численного решения уравнений Максвелла за счёт сверхсветовых волн},
  author={Самсонов, А С and Пухов, А М, and Костюков, И Ю},
  booktitle={XX международная конференция «Математическое моделирование и суперкомпьютерные технологии»},
  year={Нижний Новгород, 2020},
  pages={336-337},
  authorconf = {true}
}

@inproceedings{samsonov2021EPS,
  title={Advances in the asymptotic description of the electron motion in the strongly radiation-dominated regime},
  author={Samsonov, A S and Nerush, EN and Kostyukov, I {Yu}},
  booktitle={47th EPS conference on plasma physics <<EPS 2021>>},
  year={Sitges, 2021},
  pages={976-979},
  authorconf = {true}
}

@inproceedings{samsonov2021UFL,
  title={Effect of $e^+e^−$ pair production on generation of magnetic field
driven by radiation reaction},
  author={Samsonov, A S  and Nerush, E N, and Kostyukov, I Yu},
  booktitle={V International Conference on Ultrafast Optical Science <<UltrafastLight-2021>>},
  year={Moscow, 2021},
  pages={35},
  authorconf = {true}
}

@inproceedings{samsonov2021LPHYS,
  title={Effect of Radiation Reaction on Collective Processes in Collision of High-Current Ultrarelativistic Beams of Particles},
  author={Samsonov, A S and Kostyukov, I {Yu} and Nerush, EN and Filipovic, M and Baumann, C and Pukhov, A},
  booktitle={29th annual International Laser Physics Workshop},
  year={Lyon, 2021},
  authorconf = {true}
}

@inproceedings{samsonov2022CSCPIER,
  title={Features of the Electron Motion in the Strongly Radiation-Dominated Regime},
  author={Samsonov, A S and Kostyukov, I {Yu} and Nerush, EN},
  booktitle={18th International Workshop Complex Systems of Charged Particles and Their Interactions with Electromagnetic Radiation <<CSCPIER-2022>>},
  year={Moscow, 2022},
  authorconf = {true}
}

@inproceedings{samsonov2022LPHYS,
  title={Features of the Electron Motion in the Strongly Radiation-Dominated Regime},
  author={Samsonov, A S and Kostyukov, I {Yu} and Nerush, EN},
  booktitle={30th annual International Laser Physics Workshop},
  year={Lyon, 2022},
  authorconf = {true}
}