@Book{LandauII,
  title       = {Теория поля},
  publisher   = {М.: Наука},
  year        = {1988},
  author      = {Ландау, Л. Д. and Лифшиц, Е. М.},
  hyphenation = {russian},
  language    = {russian},
  pagetotal   = {512},
  isbn      = {5-02-014420-7},
  volume = {2}
}

@book{LL10,
  title={Физическая кинетика},
  author={Лифшиц, ЕМ and Питаевский, ЛП},
  year={1979},
  publisher={М.: Наука},
  hyphenation = {russian},
  language    = {russian},
  volume = {10},
  pagetotal   = {528},
  isbn      = {978-5-9221-0125-7},
}

@Article{gonoskov2018radiation,
  author    = {Gonoskov, Arkady and Marklund, Mattias},
  journal   = {Physics of Plasmas},
  title     = {Radiation-dominated particle and plasma dynamics},
  year      = {2018},
  number    = {9},
  pages     = {093109},
  volume    = {25},
  doi       = {10.1063/1.5047799},
  publisher = {AIP Publishing LLC},
}

@Article{Zeldovich75,
  author      = {Зельдович, Я. Б.},
  title       = {Взаимодействие свободных электронов с электромагнитным излучением},
  journal     = {Успехи физических наук},
  year        = {1975},
  volume      = {115},
  number      = {2},
  pages       = {161--197},
  hyphenation = {russian},
  language    = {russian},
  doi     = {10.3367/UFNr.0115.197502a.0161},
}

@Article{ekman2021exact,
  author    = {Ekman, Robin and Heinzl, Tom and Ilderton, Anton},
  journal   = {New Journal of Physics},
  title     = {Exact solutions in radiation reaction and the radiation-free direction},
  year      = {2021},
  number    = {5},
  pages     = {055001},
  volume    = {23},
  doi       = {10.1088/1367-2630/abfab2},
  publisher = {IOP Publishing},
}

@Article{golovanov2021radiation,
  author    = {Golovanov, A A and Nerush, E N and Kostyukov, I {\relax Yu}},
  journal   = {New Journal of Physics},
  title     = {Radiation reaction-dominated regime of wakefield acceleration},
  year      = {2022},
  number    = {3},
  pages     = {033011},
  volume    = {24},
  doi       = {10.1088/1367-2630/ac53b9},
  file      = {:golovanov2021radiation - Radiation Reaction Dominated Regime of Wakefield Acceleration.pdf:PDF},
  publisher = {IOP Publishing},
}

@article{golovanov2021excitation,
  title={Excitation of strongly nonlinear plasma wakefield by electron bunches},
  author={Golovanov, AA and Kostyukov, I Yu and Reichwein, L and Thomas, J and Pukhov, A},
  journal={Plasma Physics and Controlled Fusion},
  volume={63},
  number={8},
  pages={085004},
  year={2021},
  publisher={IOP Publishing},
  doi = {10.1088/1361-6587/ac0352}
}


@Article{grewing1973acceleration,
  author    = {Grewing, M and Schr{\"u}fer, E and Heintzmann, H},
  journal   = {Zeitschrift f{\"u}r Physik A Hadrons and nuclei},
  title     = {Acceleration of charged particles and radiation reaction in strong plane and spherical waves. II},
  year      = {1973},
  number    = {5},
  pages     = {375--384},
  volume    = {260},
  doi       = {10.1007/BF01397962},
  file      = {:grewing1973acceleration - Acceleration of charged particles and radiation reaction in strong plane and spherical waves. II.pdf:PDF},
  publisher = {Springer},
}

@article{heintzmann1973exact,
  title={Exact solutions of the Loretnz-Dirac equations of motion for charged particles in constant electromagnetic fields},
  author={Heintzmann, H and Schr{\"u}fer, E},
  journal={Physics Letters A},
  volume={43},
  number={3},
  pages={287--288},
  year={1973},
  publisher={Elsevier},
  doi = {10.1016/0375-9601(73)90309-5}
}


@InProceedings{thielheim1993particle,
  author       = {Thielheim, KO},
  booktitle    = {Proceedings of International Conference on Particle Accelerators},
  title        = {Particle acceleration in extremely strong electromagnetic wave fields},
  year         = {1993},
  organization = {IEEE},
  pages        = {276--278},
  doi          = {10.1109/PAC.1993.308941},
  file         = {:thielheim1993particle - Particle acceleration in extremely strong electromagnetic wave fields.pdf:PDF},
}

@Article{gunn1971motion,
  author  = {Gunn, James E and Ostriker, Jeremiah P},
  journal = {The Astrophysical Journal},
  title   = {On the Motion and Radiation of Charged Particles in Strong Electromagnetic Waves. I. Motion in Plane and Spherical Waves},
  year    = {1971},
  pages   = {523},
  volume  = {165},
  doi     = {10.1086/150919},
  file    = {:gunn1971motion - On the Motion and Radiation of Charged Particles in Strong Electromagnetic Waves. I. Motion in Plane and Spherical Waves.pdf:PDF},
}

@Article{kostyukov2012radiative,
  author    = {Kostyukov, I {\relax Yu} and Nerush, E N and Litvak, A G},
  journal   = {Physical Review Special Topics-Accelerators and Beams},
  title     = {Radiative damping in plasma-based accelerators},
  year      = {2012},
  number    = {11},
  pages     = {111001},
  volume    = {15},
  doi       = {10.1103/PhysRevSTAB.15.111001},
  publisher = {APS},
}

@article{SEL,
  title={Broad-bandwidth high-temporal-contrast carrier-envelope-phase-stabilized laser seed for 100 PW lasers},
  author={Shao, Beijie and Li, Yanyan and Peng, Yujie and Wang, Pengfei and Qian, Junyu and Leng, Yuxin and Li, Ruxin},
  journal={Optics Letters},
  volume={45},
  number={8},
  pages={2215--2218},
  year={2020},
  publisher={Optica Publishing Group}
}


@Book{berestetskii1982quantum,
  author    = {Берестецкий, В. И. and Лифшиц, Е. М. and Питаевский, Л. П.},
  publisher = {ФИЗМАТЛИТ},
  title     = {Квантовая электродинамика},
  year      = {2002},
  issue = {4},
  hyphenation = {russian},
  language    = {russian},
  pagetotal   = {720},
  isbn      = {5-9221-0058-0},
}

@book{raizer1997gas,
  title={Физика газового разряда},
  author={Райзер, Юрий Петрович},
  year={1987},
  publisher={Наука. Гл. ред. физ.-мат. лит.},
  hyphenation = {russian},
  language    = {russian},
}


@article{shen1972energy,
  title={Energy straggling and radiation reaction for magnetic bremsstrahlung},
  author={Shen, CS and White, D},
  journal={Physical Review Letters},
  volume={28},
  number={7},
  pages={455},
  year={1972},
  publisher={APS},
  doi={10.1103/PhysRevLett.28.455}
}

@article{harvey2017quantum,
  title={Quantum quenching of radiation losses in short laser pulses},
  author={Harvey, CN and Gonoskov, Arkady and Ilderton, Anton and Marklund, Mattias},
  journal={Physical Review Letters},
  volume={118},
  number={10},
  pages={105004},
  year={2017},
  publisher={APS},
  doi={10.1103/PhysRevLett.118.105004}
}

@article{ridgers2017signatures,
  title={Signatures of quantum effects on radiation reaction in laser--electron-beam collisions},
  author={Ridgers, CP and Blackburn, TG and Del Sorbo, D and Bradley, LE and Slade-Lowther, C and Baird, CD and Mangles, SPD and McKenna, P and Marklund, M and Murphy, CD and others},
  journal={Journal of Plasma Physics},
  volume={83},
  pages={715830502},
  number={5},
  year={2017},
  publisher={Cambridge University Press},
  doi={10.1017/S0022377817000642}
}

@article{nikishov1964quantum,
  title={Квантовые процессы в поле плоской электромагнитной волны и в постоянном поле},
  author={Никишов, А. И. and Ритус, В. И.},
  journal={ЖЭТФ},
  volume={46},
  number={2},
  pages={776--796},
  year={1964},
  doi={}
}

@article{gerlach1922experimentelle,
  title={Der experimentelle nachweis der richtungsquantelung im magnetfeld},
  author={Gerlach, Walther and Stern, Otto},
  journal={Zeitschrift f{\"u}r Physik},
  volume={9},
  number={1},
  pages={349--352},
  year={1922},
  publisher={Springer},
  doi={10.1007/BF01326983}
}

@article{bargmann1959precession,
  title={Precession of the polarization of particles moving in a homogeneous electromagnetic field},
  author={Bargmann, Valentine and Michel, Louis and Telegdi, VL},
  journal={Physical Review Letters},
  volume={2},
  number={10},
  pages={435},
  year={1959},
  publisher={APS},
  doi={10.1103/PhysRevLett.2.435}
}

@article{thomas1926motion,
  title={The motion of the spinning electron},
  author={Thomas, Llewellyn H},
  journal={Nature},
  volume={117},
  number={2945},
  pages={514--514},
  year={1926},
  publisher={Nature Publishing Group},
  doi={10.1038/117514a0}
}

@article{mane2005spin,
  title={Spin-polarized charged particle beams in high-energy accelerators},
  author={Mane, SR and Shatunov, Yu M and Yokoya, K},
  journal={Reports on Progress in Physics},
  volume={68},
  number={9},
  pages={1997},
  year={2005},
  publisher={IOP Publishing},
  doi={10.1088/0034-4885/68/9/R01}
}

@article{gelfer2022nonlinear,
  title={Nonlinear Compton scattering in time-dependent electric fields: LCFA and beyond},
  author={Gelfer, EG and Fedotov, AM and Mironov, AA and Weber, S},
  journal={arXiv preprint arXiv:2206.08211},
  year={2022}
}

@article{ilderton2019extended,
  title={Extended locally constant field approximation for nonlinear Compton scattering},
  author={Ilderton, A and King, B and Seipt, D},
  journal={Physical Review A},
  volume={99},
  number={4},
  pages={042121},
  year={2019},
  publisher={APS},
  doi={10.1103/PhysRevA.99.042121}
}

@article{kirk2016radiative,
  title={Radiative trapping in intense laser beams},
  author={Kirk, JG},
  journal={Plasma Physics and Controlled Fusion},
  volume={58},
  number={8},
  pages={085005},
  year={2016},
  publisher={IOP Publishing},
  doi={10.1088/0741-3335/58/8/085005}
}

@article{zhu2015enhanced,
  title={Enhanced electron trapping and $\gamma$ ray emission by ultra-intense laser irradiating a near-critical-density plasma filled gold cone},
  author={Zhu, Xing-Long and Yin, Yan and Yu, Tong-Pu and Shao, Fu-Qiu and Ge, Zhe-Yi and Wang, Wei-Quan and Liu, Jin-Jin},
  journal={New Journal of Physics},
  volume={17},
  number={5},
  pages={053039},
  year={2015},
  publisher={IOP Publishing},
  doi={10.1088/1367-2630/17/5/053039}
}

@article{vranic2018extremely,
  title={Extremely intense laser-based electron acceleration in a plasma channel},
  author={Vranic, Marija and Fonseca, Ricardo A and Silva, Luis O},
  journal={Plasma physics and controlled fusion},
  volume={60},
  number={3},
  pages={034002},
  year={2018},
  publisher={IOP Publishing},
  doi={10.1088/1361-6587/aaa36c}
}

@article{gong2019radiation,
  title={Radiation reaction as an energy enhancement mechanism for laser-irradiated electrons in a strong plasma magnetic field},
  author={Gong, Z and Mackenroth, Felix and Yan, XQ and Arefiev, AV},
  journal={Scientific reports},
  volume={9},
  number={1},
  pages={1--11},
  year={2019},
  publisher={Springer},
  doi={10.1038/s41598-019-53644-x}
}




@article{heinzl2020locally,
  title={Locally monochromatic approximation to QED in intense laser fields},
  author={Heinzl, T and King, B and MacLeod, AJ},
  journal={Physical Review A},
  volume={102},
  number={6},
  pages={063110},
  year={2020},
  publisher={APS},
  doi={10.1103/PhysRevA.102.063110}
}

@article{khokonov2002standard,
  title={Standard radiation spectrum of relativistic electrons: Beyond the synchrotron approximation},
  author={Khokonov, M Kh and Nitta, H},
  journal={Physical review letters},
  volume={89},
  number={9},
  pages={094801},
  year={2002},
  publisher={APS},
  doi={10.1103/PhysRevLett.89.094801}
}

@article{wen2019polarized,
  title={Polarized laser-wakefield-accelerated kiloampere electron beams},
  author={Wen, Meng and Tamburini, Matteo and Keitel, Christoph H},
  journal={Physical review letters},
  volume={122},
  number={21},
  pages={214801},
  year={2019},
  publisher={APS},
  doi = {10.1103/physrevlett.122.214801}
}

@article{jerome2022particle,
  title={Particle acceleration and radiation reaction in a strongly magnetized rotating dipole},
  author={J{\'e}r{\^o}me, P{\'e}tri},
  journal={arXiv preprint arXiv:2207.00624},
  year={2022}
}

@article{Podszus19,
  title={High-energy behavior of strong-field QED in an intense plane wave},
  author={Podszus, Tobias and Di Piazza, Antonino},
  journal={Physical Review D},
  volume={99},
  number={7},
  pages={076004},
  year={2019},
  publisher={APS}
}

@article{cai2022dynamics,
  title={Dynamics of ultrarelativistic charged particles with strong radiation reaction. I. Aristotelian equilibrium state},
  author={Cai, Yangyang and Gralla, Samuel E and Paschalidis, Vasileios},
  journal={arXiv preprint arXiv:2209.07469},
  year={2022}
}

@article{serebryakov2022opacity,
  title={Opacity of relativistically underdense plasmas for extremely intense laser pulses},
  author={Serebryakov, MA and Samsonov, AS and Nerush, EN and Kostyukov, I Yu},
  journal={arXiv preprint arXiv:2210.01606},
  year={2022}
}

@article{fedotov2010limitations,
  title={Limitations on the attainable intensity of high power lasers},
  author={Fedotov, AM and Narozhny, NB and Mourou, G{\'e}rard and Korn, Georg},
  journal={Physical review letters},
  volume={105},
  number={8},
  pages={080402},
  year={2010},
  publisher={APS}
}

@article{Bulanov04,
	author = {S. V. Bulanov and T. Zh. Esirkepov and J. Koga and T. Tajima},
	title = {Interaction of Electromagnetic Waves with Plasma in the Radiation-Dominated Regime},
	journal = {Plasma Physics Reports},
	volume = {30},
	number = {3},
	pages = {196--213},
	year = {2004},
}

@Article{Di09,
	author = {Di Piazza, A. and Hatsagortsyan, K. Z. and Keitel, C. H.},
	title = {Strong Signatures of Radiation Reaction below the Radiation-Dominated Regime},
	journal = {Physical Review Letters},
	volume = {102},
	number = {25},
	pages = {254802},
	year = {2009},
	doi = {10.1103/PhysRevLett.102.254802},
}

@article{Cole17,
	author = {Cole and Behm and Ilderton and Sarri and Ridgers and Mangles},
	title = {Experimental observation of radiation reaction in the collision of a high-intensity laser pulse with a laser-wakefield accelerated electron beam},
	year = {2017},
}

@Article{Poder17,
  author  = {Poder, K. and Tamburini, M. and Sarri, G. and Di Piazza, A. et al.},
  title   = {Evidence of strong radiation reaction in the field of an ultra-intense laser},
  journal = {Physycal Review X},
  year    = {2017},
}

@article{Yan17,
	author = {Yan, W. and Fruhling, C. and Golovin, G. and Haden, D. and Luo, J. and Zhang, P. and Zhao, B. and Zhang, J. and Liu, C. and Chen, M. and Chen, S.},
	title = {High-order multiphoton Thomson scattering},
	journal = {Nature Photonics},
	volume = {11},
	number = {8},
	pages = {514},
	year = {2017},
	doi = {10.1038/NPHOTON.2017.100},
}

@article{Nerush14,
	author = {Nerush, E. N. and Kostyukov, I. Yu. and Ji, L. and Pukhov, A.},
	title = {Gamma-ray generation in ultrahigh-intensity laser-foil interactions},
	journal = {Physics of Plasmas},
	volume = {21},
	pages = {013109},
	year = {2014},
	doi = {10.1063/1.4863423},
}

@article{Li17,
	author = {Li, Han-Zhen and Yu, Tong-Pu and Liu, Jin-Jin and Yin, Yan and Zhu, Xing-Long and Capdessus, Remi and Pegoraro, Francesco and Sheng, Zheng-Ming and McKenna, Paul and Shao, Fu-Qiu},
	title = {Ultra-bright {$\gamma$}-ray emission and dense positron production from two laser-driven colliding foils},
	journal = {Scientific Reports},
	volume = {7},
	pages = {17312},
	year = {2017},
	doi = {10.1038/s41598-017-17605-6},
}

@article{Miller58,
	author = {Miller, M. A.},
	title = {The motion of charged particles in H F electromagnetic fields},
	journal = {Izu. vjssh. ucheb. Zaved. Radiofiz.},
	volume = {1},
	pages = {110-123},
	year = {1958},
}

@unpublished{Gonoskov17,
	Archiveprefix = {arXiv},
	Eprint = {physics.plasm-ph/1707.05749},
	author = {Gonoskov, A. and Marklund, M.},
	title = {Radiation dominated particle and plasma dynamics},
	year = {2017},
}


@article{Gonoskov15,
	pmid = {26382544},
	author = {Gonoskov, A and Bastrakov, S and Efimenko, E and Ilderton, A and Marklund, M and Meyerov, I and Muraviev, A and Sergeev, A and Surmin, I and Wallin, E},
	title = {Extended particle-in-cell schemes for physics in ultrastrong laser fields: Review and developments.},
	journal = {Phys Rev E Stat Nonlin Soft Matter Phys},
	volume = {92},
	number = {2-1},
	pages = {023305},
	year = {2015},
	doi = {10.1103/PhysRevE.92.023305},
}

@book{Jackson,
	address = {New York},
	edition = {3rd ed.},
	publisher = {John Wiley \& Sons},
	author = {Jackson, John D.},
	title = {Classical Electrodynamics},
	year = {1999},
}

@Article{Ritus,
  author  = {Ритус, ВИ},
  journal = {Труды ФИАН},
  title   = {Квантовые эффекты взаимодействия элементарных частиц с интенсивным электромагнитным полем},
  year    = {1979},
  pages   = {5--151},
  volume  = {111},
}

@Article{macfadyen1999collapsars,
  author    = {MacFadyen, AI and Woosley, SE},
  journal   = {The Astrophysical Journal},
  title     = {Collapsars: Gamma-ray bursts and explosions in “failed supernovae”},
  year      = {1999},
  number    = {1},
  pages     = {262},
  volume    = {524},
  doi       = {10.1086/307790},
  publisher = {IOP Publishing},
}

@Article{woosley1999central,
  author    = {Woosley, SE and MacFadyen, AI},
  journal   = {Astronomy and Astrophysics Supplement Series},
  title     = {Central engines for gamma-ray bursts},
  year      = {1999},
  number    = {3},
  pages     = {499--502},
  volume    = {138},
  doi       = {10.1051/aas:1999325},
  publisher = {EDP Sciences},
}

@Article{sturrock1971model,
  author  = {Sturrock, PA},
  journal = {The Astrophysical Journal},
  title   = {A model of pulsars},
  year    = {1971},
  pages   = {529},
  volume  = {164},
  doi     = {10.1086/150865},
}

@Article{ruderman1975theory,
  author  = {Ruderman, MA and Sutherland, Pg G},
  journal = {The Astrophysical Journal},
  title   = {Theory of pulsars-Polar caps, sparks, and coherent microwave radiation},
  year    = {1975},
  pages   = {51--72},
  volume  = {196},
}

@Article{philippov2015ab,
  author    = {Philippov, Alexander A and Cerutti, Beno{\^\i}t and Tchekhovskoy, Alexander and Spitkovsky, Anatoly},
  journal   = {The Astrophysical Journal Letters},
  title     = {Ab initio pulsar magnetosphere: the role of general relativity},
  year      = {2015},
  number    = {2},
  pages     = {L19},
  volume    = {815},
  doi       = {10.1088/2041-8205/815/2/L19},
  publisher = {IOP Publishing},
}

@Book{Baier98,
  author      = {Байер, В. Н. and Катков, В. М. and Страховенко, В. М.},
  publisher   = {Новосибирск: Наука. Сиб. отд-ние},
  title       = {Электромагнитные процессы при высокой энергии в ориентированных монокристаллах},
  year        = {1989},
  isbn        = {5-02-028613-3},
  hyphenation = {russian},
  language    = {russian},
  pagetotal   = {400},
}

@Article{duclous2010monte,
  author    = {Duclous, Roland and Kirk, John G and Bell, Anthony R},
  journal   = {Plasma Physics and Controlled Fusion},
  title     = {Monte Carlo calculations of pair production in high-intensity laser--plasma interactions},
  year      = {2010},
  number    = {1},
  pages     = {015009},
  volume    = {53},
  doi       = {10.1088/0741-3335/53/1/015009},
  publisher = {IOP Publishing},
}

@Book{Birdsall1989,
  title       = {Физика плазмы и численное моделирование},
  publisher   = {М.: Энергоатомиздат},
  year        = {1989},
  author      = {Бэдсел, Ч and Ленгдон, А},
  hyphenation = {russian},
  language    = {russian},
  pagetotal   = {452},
}

@misc{fedotov2022QED,
  doi = {10.48550/ARXIV.2203.00019},
  url = {https://arxiv.org/abs/2203.00019},
  author = {Fedotov, A. and Ilderton, A. and Karbstein, F. and King, B. and Seipt, D. and Taya, H. and Torgrimsson, G.},
  title = {Advances in QED with intense background fields},
  publisher = {arXiv},
  year = {2022},  
  copyright = {arXiv.org perpetual, non-exclusive license}
}

@article{furry1951bound,
  title={On bound states and scattering in positron theory},
  author={Furry, WH},
  journal={Physical Review},
  volume={81},
  number={1},
  pages={115},
  year={1951},
  publisher={APS},
  doi={10.1103/PhysRev.81.115}
}

@article{higuera2017structure,
  title={Structure-preserving second-order integration of relativistic charged particle trajectories in electromagnetic fields},
  author={Higuera, Adam V and Cary, John R},
  journal={Physics of Plasmas},
  volume={24},
  number={5},
  pages={052104},
  year={2017},
  publisher={AIP Publishing LLC},
  doi={10.1063/1.4979989}
}


@article{wolkow1935klasse,
  title={{\"U}ber eine klasse von l{\"o}sungen der diracschen gleichung},
  author={Wolkow, Daniil M},
  journal={Zeitschrift f{\"u}r Physik},
  volume={94},
  number={3-4},
  pages={250--260},
  year={1935},
  publisher={Springer},
  doi={10.1007/BF01331022}
}


@Manual{ELI,
  title = {The Extreme Light Infrastructure (ELI) official website: http://www.eli-laser.eu},
  
}

@Manual{FACET,
  title = {{Technical Design Report for the FACET-II Project at SLAC National Accelerator Laboratory}},
  year  = {2016},
  doi   = {10.2172/1340171},
  file  = {:FACET - Technical Design Report for the FACET II Project at SLAC National Accelerator Laboratory.pdf:PDF},
  
}

@Article{gelfer2021ions,
  author    = {{G}elfer, {E} {G} and {F}edotov, {A} {M} and {W}eber, {S}},
  journal   = {{N}ew {J}ournal of {P}hysics},
  title     = {{R}adiation induced acceleration of ions in a laser irradiated transparent foil},
  year      = {2021},
  number    = {9},
  pages     = {095002},
  volume    = {23},
  doi       = {10.1088/1367-2630/ac1a97},
  publisher = {{IOP} {P}ublishing},
}

@article{Gelfer18b,
	Adsbibcode = {2018NatSR...8.6478G},
	author = {Gelfer, Evgeny and Elkina, Nina and Fedotov, Alexander},
	title = {Unexpected impact of radiation friction: enhancing production of longitudinal plasma waves},
	journal = {Scientific Reports},
	volume = {8},
	pages = {6478},
	year = {2018},
	doi = {10.1038/s41598-018-24930-x},
}

@article{Capdessus15,
	Adsbibcode = {2015PhRvE..91e3105C},
	author = {Capdessus, R. and McKenna, P.},
	title = {Influence of radiation reaction force on ultraintense laser-driven ion acceleration},
	journal = {Physical Review E},
	volume = {91},
	pages = {053105},
	year = {2015},
	doi = {10.1103/PhysRevE.91.053105},
}

@article{Capdessus12,
	author = {Capdessus, R. and d'Humi{\`{e}}res, E. and Tikhonchuk, V. T.},
	title = {Modeling of radiation losses in ultrahigh power laser-matter interaction},
	journal = {Physical Review E},
	volume = {86},
	pages = {036401},
	year = {2012},
	doi = {10.1103/PhysRevE.86.036401},
}

@article{Tamburini12,
	author = {Tamburini, M. and Liseykina, T. V. and Pegoraro, F. and Macchi, A.},
	title = {Radiation-pressure-dominant acceleration: Polarization and radiation reaction effects and energy increase in three-dimensional simulations},
	journal = {Physical Review E},
	volume = {85},
	pages = {016407},
	year = {2012},
	doi = {10.1103/PhysRevE.85.016407},
}

@Manual{XCELS,
  title = {{XCELS}~---~http://www.xcels.iapras.ru},
}

@article{Garrec14,
	
	author = {Le Garrec, Bruno and Sebban, Stephane and Margarone, Daniele and Precek, Martin and Weber, Stefan and Klimo, Ondrej and Korn, Georg and Rus, Bedrich},
	title = {ELI-beamlines: extreme light infrastructure science and technology with ultra-intense lasers},
	journal = {Proc. SPIE},
	volume = {8962},
	pages = {8962-8962},
	year = {2014},
	doi = {10.1117/12.2039165},
}

@article{Ji14b,
	Numpages = {5},
	Publisher = {American Physical Society},
	
	author = {Ji, L. L. and Pukhov, A. and Kostyukov, I. Yu. and Shen, B. F. and Akli, K.},
	title = {Radiation-Reaction Trapping of Electrons in Extreme Laser Fields},
	journal = {Phys. Rev. Lett.},
	volume = {112},
	number = {14},
	pages = {145003},
	year = {2014},
	doi = {10.1103/PhysRevLett.112.145003},
}

@article{Fedotov14b,
	Adsbibcode = {2014PhRvA..90e3847F},
	author = {Fedotov, A. M. and Elkina, N. V. and Gelfer, E. G. and Narozhny, N. B. and Ruhl, H.},
	title = {Radiation friction versus ponderomotive effect},
	journal = {Physical Review A},
	volume = {90},
	number = {5},
	pages = {053847},
	year = {2014},
	doi = {10.1103/PhysRevA.90.053847},
}

@article{Vranic16,
	Abstract = {In this paper, we investigate the evolution of the energy spread and the divergence of electron beams while they interact with different laser pulses at intensities where quantum effects and radiation reaction are of relevance. The interaction is modelled with a quantum electrodynamic (QED)-PIC code and the results are compared with those obtained using a standard PIC code with a classical radiation reaction module. In addition, an analytical model is presented that estimates the value of the final electron energy spread after the interaction with the laser has finished. While classical radiation reaction is a continuous process, in QED, radiation emission is stochastic. The two pictures reconcile in the limit when the emitted photons energy is small compared to the energy of the emitting electrons. The energy spread of the electron distribution function always tends to decrease with classical radiation reaction, whereas the stochastic QED emission can also enlarge it. These two tendencies compete in the QED-dominated regime. Our analysis, supported by the QED module, reveals an upper limit to the maximal attainable energy spread due to stochasticity that depends on laser intensity and the electron beam average energy. Beyond this limit, the energy spread decreases. These findings are verified for different laser pulse lengths ranging from short {$\sim$}30 fs pulses presently available to the long {$\sim$}150 fs pulses expected in the near-future laser facilities, and compared with a theoretical model. Our results also show that near future experiments will be able to probe this transition and to demonstrate the competition between enhanced QED induced energy spread and energy spectrum narrowing from classical radiation reaction.},
	
	author = {Vranic, Marija and Grismayer, Thomas and Fonseca, Ricardo A. and Silva, Luis O.},
	title = {Quantum radiation reaction in head-on laser-electron beam interaction},
	journal = {New Journal of Physics},
	volume = {18},
	number = {7},
	pages = {073035},
	year = {2016},
	doi = {https://doi.org/10.1088/1367-2630/18/7/073035},
}

@article{Ji14a,
	Eid = {023109},
	
	author = {Ji, L. L. and Pukhov, A. and Nerush, E. N. and Kostyukov, I.  Yu. and Shen, B. F. and Akli, K. U.},
	title = {Energy partition, {$\gamma$}-ray emission, and radiation reaction in the near-quantum electrodynamical regime of laser-plasma interaction},
	journal = {Physics of Plasmas},
	volume = {21},
	number = {2},
	year = {2014},
	doi = {10.1063/1.4866014},
}

@article{Tamburini10,
	Abstract = {Radiation reaction (RR) effects on the acceleration of a thin plasma foil by a superintense laser pulse in the radiation pressure-dominated regime are investigated theoretically. A simple suitable approximation of the Landau{--}Lifshitz equation for the RR force and a novel leap-frog pusher for its inclusion in particle-in-cell simulations are provided. Simulations for both linear and circular polarization of the laser pulse are performed and compared. It is found that at intensities exceeding 10 23 {\thinspace}W{\thinspace}cm {$-$} 2 the RR force strongly affects the dynamics for a linearly polarized laser pulse, reducing the maximum ion energy but also the width of the spectrum. In contrast, no significant effect is found for circularly polarized laser pulses whenever the laser pulse does not break through the foil.},
	
	author = {Tamburini, M. and Pegoraro, F. and Piazza, A. Di and Keitel, C. H. and Macchi, A.},
	title = {Radiation reaction effects on radiation pressure acceleration},
	journal = {New Journal of Physics},
	volume = {12},
	number = {12},
	pages = {123005},
	year = {2010},
}

@article{Nerush15,
	Abstract = {Ion acceleration in laser-produced dense plasmas is a key topic of many recent investigations thanks to its potential applications. Indeed, at forthcoming laser intensities ( I{~}*{~}10 23{~}W{~}cm {$-$}2 ) interaction of laser pulses with plasmas can be accompanied by copious gamma-ray emission. Here we demonstrate the mutual influence of gamma-ray emission and ion acceleration during relativistic hole boring in high-density plasmas with ultra-intense laser pulses. If the gamma-ray emission is abundant, laser pulse reflection and hole-boring velocity are lower and gamma-ray radiation pattern is narrower than in the case of low emission. Conservation of energy and momentum allows one to elucidate the effects of the gamma-ray emission which are more pronounced at higher hole-boring velocities.},
	
	author = {Nerush, E. N. and Kostyukov, I. Y.},
	title = {Laser-driven hole boring and gamma-ray emission in high-density plasmas},
	journal = {Plasma Physics and Controlled Fusion},
	volume = {57},
	number = {3},
	pages = {035007},
	year = {2015},
	doi = {10.1088/0741-3335/57/3/035007},
}

@Article{Steinke2013,
  author    = {Steinke, S. and Hilz, P. and Schn\"urer, M. and Priebe, G. and Br\"anzel, J. and Abicht, F. and Kiefer, D. and Kreuzer, C. and Ostermayr, T. and Schreiber, J. and Andreev, A. A. and Yu, T. P. and Pukhov, A. and Sandner, W.},
  journal   = {Phys. Rev. ST Accel. Beams},
  title     = {Stable laser-ion acceleration in the light sail regime},
  year      = {2013},
  pages     = {011303},
  volume    = {16},
  doi       = {10.1103/PhysRevSTAB.16.011303},
  issue     = {1},
  numpages  = {5},
  publisher = {American Physical Society},
}

@article{esirkepov2004,
  title={Highly efficient relativistic-ion generation in the laser-piston regime},
  author={Esirkepov, T. and Borghesi, M. and Bulanov, S. V. and Mourou, G. and Tajima, T.},
  journal={Phys. Rev. Lett.},
  volume={92},
  number={17},
  pages={175003},
  year={2004},
  publisher={APS}
}


@article{Zhang15,
	Abstract = {With the aid of large-scale three-dimensional quantum electrodynamics (QED)-particle-in-cell simulations, we describe a potential experimental configuration to measure collective effects that couple strong field QED to plasma kinetics and develop a simple analytic model that describes the absorption due to radiation emission. For two counter propagating lasers interacting with a foil at intensities exceeding ##IMG## [http://ej.iop.org/images/1367-2630/17/4/043051/njp511948ieqn1.gif] $10^22$ W cm {$-$}2 , a near-binary result occurs; when quantum effects are included, a foil that classically would effectively transmit the laser pulse becomes opaque. This is a dramatic change in plasma behavior, directly as a consequence of the coupling of radiation reaction and pair production to plasma dynamics.},
	
	author = {Zhang, Peng and Ridgers, C. P. and Thomas, A. G. R.},
	title = {The effect of nonlinear quantum electrodynamics on relativistic transparency and laser absorption in ultra-relativistic plasmas},
	journal = {New Journal of Physics},
	volume = {17},
	number = {4},
	pages = {043051},
	year = {2015},
	doi = {10.1088/1367-2630/17/4/043051},
}

@article{Liseykina16,
	Abstract = {A collective, macroscopic signature to detect radiation friction in laser{--}plasma experiments is proposed. In the interaction of superintense circularly polarized laser pulses with high density targets, the effective dissipation due to radiative losses allows the absorption of electromagnetic angular momentum, which in turn leads to the generation of a quasistatic axial magnetic field. This peculiar {`}inverse Faraday effect{'} is investigated by analytical modeling and three-dimensional simulations, showing that multi-gigagauss magnetic fields may be generated at laser intensities ##IMG## [http://ej.iop.org/images/1367-2630/18/7/072001/njpaa2eb0ieqn1.gif] $\gt 10^23\;\rmW\rmcm^-2$ .},
	
	author = {Liseykina, T. V. and Popruzhenko, S. V. and Macchi, A.},
	title = {Inverse Faraday effect driven by radiation friction},
	journal = {New Journal of Physics},
	volume = {18},
	number = {7},
	pages = {072001},
	year = {2016},
	doi = {http://dx.doi.org/10.1088/1367-2630/18/7/072001},
}

@article{Gelfer18a,
	Abstract = {We consider the generation of a quasistatic longitudinal electric field by intense laser pulses propagating in a transparent plasma with radiation friction (RF) taken into account. For both circular and linear polarization of the driving pulse we develop a 1D analytical model of the process, which is valid in a wide range of laser and plasma parameters. We define the parameter region where RF results in an essential enhancement of the longitudinal field. The amplitude and the period of the generated longitudinal wave are estimated and optimized. Our theoretical predictions are confirmed by 1D and 2D PIC simulations. We also demonstrate numerically that RF should substantially enhance the longitudinal field generated in a plasma by a 10 PW laser such as ELI Beamlines.},
	
	author = {Gelfer, E. G. and Fedotov, A. M. and Weber, S.},
	title = {Theory and simulations of radiation friction induced enhancement of laser-driven longitudinal fields},
	journal = {Plasma Physics and Controlled Fusion},
	volume = {60},
	number = {6},
	pages = {064005},
	year = {2018},
	doi = {https://doi.org/10.1088/1361-6587/aabb12},
}

{QUILL,
	howpublished = {\
	
}

@article{Bashinov14,
	Issn = {1951-6355},
	Language = {English},
	Publisher = {Springer Berlin Heidelberg},
	
	author = {Bashinov, A. V. and Gonoskov, A. A. and Kim, A. V. and Mourou, G. and Sergeev, A. M.},
	title = {New horizons for extreme light physics with mega-science project XCELS},
	journal = {The European Physical Journal Special Topics},
	volume = {223},
	number = {6},
	pages = {1105-1112},
	year = {2014},
	doi = {10.1140/epjst/e2014-02161-7},
}

@Article{chen1988disruption,
  author    = {Chen, Pisin and Yokoya, Kaoru},
  journal   = {Physical Review D},
  title     = {Disruption effects from the interaction of round e+ e- beams},
  year      = {1988},
  number    = {3},
  pages     = {987},
  volume    = {38},
  doi       = {10.1103/PhysRevD.38.987},
  file      = {:chen1988disruption - Disruption Effects from the Interaction of Round E+ E Beams.pdf:PDF;:chen1988disruption - Disruption Effects from the Interaction of Round E+ E Beams (1).pdf:PDF},
  publisher = {APS},
  
}

@article{katsouleas1990plasma,
  title={Plasma physics at the final focus of high-energy colliders},
  author={Katsouleas, T and Su, JJ and Mori, WB and Dawson, JM},
  journal={Physics of Fluids B: Plasma Physics},
  volume={2},
  number={6},
  pages={1384--1389},
  year={1990},
  doi       = {10.1063/1.859560},
  publisher = {American Institute of Physics},
  
}

@Book{davidson2001physics,
  author    = {Davidson, Ronald C and Hong, Qin},
  publisher = {World Scientific},
  title     = {Physics of intense charged particle beams in high energy accelerators},
  year      = {2001},
  doi       = {10.1142/p250},
  file      = {:davidson2001physics - Physics of Intense Charged Particle Beams in High Energy Accelerators.pdf:PDF},
  
}

@Article{esberg2014strong,
  author    = {Esberg, J and Uggerh{\o}j, UI and Dalena, B and Schulte, D},
  journal   = {Physical Review Special Topics-Accelerators and Beams},
  title     = {Strong field processes in beam-beam interactions at the Compact Linear Collider},
  year      = {2014},
  number    = {5},
  pages     = {051003},
  volume    = {17},
  doi       = {10.1103/PhysRevSTAB.17.051003},
  file      = {:esberg2014strong - Strong Field Processes in Beam Beam Interactions at the Compact Linear Collider.pdf:PDF;:esberg2014strong - Strong Field Processes in Beam Beam Interactions at the Compact Linear Collider (1).pdf:PDF},
  publisher = {APS},
  
}

@Article{blankenbecler1987quantum,
  author    = {Blankenbecler, Richard and Drell, Sidney D},
  journal   = {Physical Review D},
  title     = {Quantum treatment of beamstrahlung},
  year      = {1987},
  number    = {1},
  pages     = {277},
  volume    = {36},
  doi       = {10.1103/PhysRevD.36.277},
  file      = {:blankenbecler1987quantum - Quantum Treatment of Beamstrahlung.pdf:PDF},
  publisher = {APS},
  
}

@inproceedings{boris1970relativistic,
  title={Relativistic plasma simulation-optimization of a hybrid code},
  author={Boris, Jay P and others},
  booktitle={Proc. Fourth Conf. Num. Sim. Plasmas},
  pages={3--67},
  year={1970},
}

@book{hairer1993solving,
  title={Solving ordinary differential equations. 1, Nonstiff problems},
  author={Hairer, Ernst and N{\o}rsett, Syvert P and Wanner, Gerhard},
  year={1993},
  publisher={Springer-Vlg}
}



@Article{chen1989coherent,
  author    = {Chen, Pisin and Telnov, Valery I},
  journal   = {Physical Review Letters},
  title     = {Coherent pair creation in linear colliders},
  year      = {1989},
  number    = {17},
  pages     = {1796},
  volume    = {63},
  doi       = {10.1103/PhysRevLett.63.1796},
  file      = {:chen1989coherent - Coherent Pair Creation in Linear Colliders.pdf:PDF},
  publisher = {APS},
  
}

@techreport{chin1987stability,
  title={Stability of a colliding Beam in a Linear Collider},
  author={Chin, Yong Ho},
  year={1987},
  institution={DESY}
}


@Article{yakimenko2019prospect,
  author    = {Yakimenko, V and Meuren, S and Del Gaudio, F and Baumann, C and Fedotov, A and Fiuza, F and Grismayer, T and Hogan, MJ and Pukhov, A and Silva, LO and others},
  journal   = {Physical Review Letters},
  title     = {Prospect of studying nonperturbative {QED} with beam-beam collisions},
  year      = {2019},
  number    = {19},
  pages     = {190404},
  volume    = {122},
  doi       = {10.1103/PhysRevLett.122.190404},
  publisher = {APS},
  
}

@inproceedings{meuren2019probing,
  title={Probing strong-field QED at FACET-II (SLAC E-320)},
  author={Meuren, Sebastian},
  booktitle={Third conference on extremely high intensity laser physics (exhilp)},
  volume={7},
  year={2019}
}


@Article{del2019bright,
  author    = {Del Gaudio, F and Grismayer, T and Fonseca, RA and Mori, WB and Silva, LO},
  journal   = {Physical Review Accelerators and Beams},
  title     = {Bright $\gamma$ rays source and nonlinear Breit-Wheeler pairs in the collision of high density particle beams},
  year      = {2019},
  number    = {2},
  pages     = {023402},
  volume    = {22},
  doi       = {10.1103/PhysRevAccelBeams.22.023402},
  file      = {:del2019bright - Bright $$ Rays Source and Nonlinear Breit Wheeler Pairs in the Collision of High Density Particle Beams.pdf:PDF},
  publisher = {APS},
  
}

@Misc{song2021generation,
  author        = {Huai-Hang Song and Wei-Min Wang and Yu-Tong Li},
  title         = {Generation of polarized positron beams via collisions of ultrarelativistic electron beams},
  year          = {2021},
  archiveprefix = {arXiv},
  eprint        = {2103.10417},
  file          = {:song2021generation - Generation of Polarized Positron Beams Via Collisions of Ultrarelativistic Electron Beams.pdf:PDF},
  primaryclass  = {physics.acc-ph},
  
}

@Misc{tamburini2020efficient,
  author        = {Matteo Tamburini and Sebastian Meuren},
  title         = {Efficient High-Energy Photon Production in the Supercritical {QED} Regime},
  year          = {2020},
  archiveprefix = {arXiv},
  eprint        = {1912.07508},
  file          = {:tamburini2020efficient - Efficient High Energy Photon Production in the Supercritical QED Regime.pdf:PDF},
  primaryclass  = {hep-ph},
  
}

@Article{noble1987beamstrahlung,
  author    = {Noble, Robert J},
  journal   = {Nuclear Instruments and Methods in Physics Research Section A: Accelerators, Spectrometers, Detectors and Associated Equipment},
  title     = {Beamstrahlung from colliding electron-positron beams with negligible disruption},
  year      = {1987},
  number    = {3},
  pages     = {427--433},
  volume    = {256},
  doi       = {10.1016/0168-9002(87)90284-1},
  file      = {:noble1987beamstrahlung - Beamstrahlung from Colliding Electron Positron Beams with Negligible Disruption.pdf:PDF},
  publisher = {Elsevier},
  
}

@Article{hollebeek1981disruption,
  author    = {Hollebeek, Robert},
  journal   = {Nuclear Instruments and Methods},
  title     = {Disruption limits for linear colliders},
  year      = {1981},
  number    = {2-3},
  pages     = {333--347},
  volume    = {184},
  doi       = {10.1016/0029-554X(81)90733-3},
  publisher = {Elsevier},
  
}

@InCollection{yokoya1992beam,
  author    = {Yokoya, Kaoru and Chen, Pisin},
  booktitle = {Frontiers of Particle Beams: Intensity Limitations},
  publisher = {Springer},
  title     = {Beam-beam phenomena in linear colliders},
  year      = {1992},
  pages     = {415--445},
  doi       = {10.1007/3-540-55250-2_37},
  
}

@Misc{rivkin1995beamstrahlung,
  author    = {Rivkin, LZ},
  title     = {Beamstrahlung and disruption},
  year      = {1995},
  doi       = {10.5170/CERN-1995-006.557},
  file      = {:rivkin1995beamstrahlung - Beamstrahlung and Disruption.pdf:PDF},
  publisher = {CERN},
  
}

@Article{schroeder2012beamstrahlung,
  author    = {Schroeder, CB and Esarey, E and Leemans, WP},
  journal   = {Physical Review Special Topics-Accelerators and Beams},
  title     = {Beamstrahlung considerations in laser-plasma-accelerator-based linear colliders},
  year      = {2012},
  number    = {5},
  pages     = {051301},
  volume    = {15},
  doi       = {10.1103/PhysRevSTAB.15.051301},
  file      = {:schroeder2012beamstrahlung - Beamstrahlung Considerations in Laser Plasma Accelerator Based Linear Colliders.pdf:PDF},
  publisher = {APS},
  
}

@InCollection{bell1995quantum,
  author    = {Bell, M and Bell, John Stewart},
  booktitle = {Quantum Mechanics, High Energy Physics And Accelerators: Selected Papers Of John S Bell (With Commentary)},
  publisher = {World Scientific},
  title     = {Quantum beamstrahlung},
  year      = {1995},
  pages     = {99--104},
  doi       = {10.1142/2611},
  
}

@Manual{QUILL,
  title = {{QUILL} code~---~\href{https://github.com/QUILL-PIC/Quill}{https://github.com/QUILL-PIC/Quill}},
  
}

@Article{Pukhov2019,
  author    = {Pukhov, Alexander},
  journal   = {Journal of Computational Physics},
  title     = {X-dispersionless Maxwell solver for plasma-based particle acceleration},
  year      = {2020},
  pages     = {109622},
  volume    = {418},
  doi       = {10.1016/j.jcp.2020.109622},
  publisher = {Elsevier},
  
}

@Article{NDFX,
  author  = {Pukhov, Alexander},
  journal = {CERN Yellow Reports},
  title   = {Particle-In-Cell Codes for Plasma-based Particle Acceleration},
  year    = {2016},
  volume  = {1},
  doi     = {10.5170/CERN-2016-001.181},
  page   = {181},
  
}

@Article{pukhov1999three,
  author    = {Pukhov, Alexander},
  journal   = {Journal of Plasma Physics},
  title     = {Three-dimensional electromagnetic relativistic particle-in-cell code VLPL (Virtual Laser Plasma Lab)},
  year      = {1999},
  number    = {3},
  pages     = {425--433},
  volume    = {61},
  doi       = {10.1017/S0022377899007515},
  publisher = {Cambridge University Press},
  
}

@Manual{ILC,
  title = {{ILC Technical Design Report Nos. ILC-REPORT-2013-040, CERN-ATS-2013-037}},
  year  = {2013},
  
}

@Manual{CLIC,
  title = {{CLIC Conceptual Design Report No. CERN-2012-007}},
  year  = {2012},
  doi   = {10.5170/CERN-2012-007},
  
}

@Article{telnov1990problems,
  author    = {Telnov, VI},
  journal   = {Nuclear Instruments and Methods in Physics Research Section A: Accelerators, Spectrometers, Detectors and Associated Equipment},
  title     = {Problems in obtaining $\gamma$$\gamma$ and $\gamma$e colliding beams at linear colliders},
  year      = {1990},
  number    = {1-2},
  pages     = {72--92},
  volume    = {294},
  doi       = {10.1016/0168-9002(90)91826-W},
  publisher = {Elsevier},
  
}

@TechReport{FCC,
  author       = {Bruning, Oliver and Jowett, John and Klein, Max and Pellegrini, Dario and Schulte, Daniel and Zimmermann, Frank},
  institution  = {CERN},
  title        = {{Future Circular Collider Study FCC-he Baseline Parameters}},
  year         = {2017},
  address      = {Geneva},
  number       = {CERN-ACC-2017-0019},
  reportnumber = {CERN-ACC-2017-0019},
  
}

@Book{abramowitz1964handbook,
  author    = {Abramowitz, Milton and Stegun, Irene A},
  publisher = {US Government printing office},
  title     = {Handbook of mathematical functions with formulas, graphs, and mathematical tables},
  year      = {1964},
  volume    = {55},
  
}


%%%%%%%%%%%%%%%%%%%%%%%%%%%%%%%%%%%%%%%%%%%%%%%%%%%%%%%%%%%%%%%%%%%%%%%%%%%%%%
%%%%%%%%%%%%%%%%%%%%%%%%%%%%%%%%%%%%%%%%%%%%%%%%%%%%%%%%%%%%%%%%%%%%%%%%%%%%%%
%%%%%%%%%%%%%%%%%%%%%%%%%%%%%%%%%%%%%%%%%%%%%%%%%%%%%%%%%%%%%%%%%%%%%%%%%%%%%%
%%%%%%%%%%%%%%%%%%%%%%%%%%%%%%%%%%%%%%%%%%%%%%%%%%%%%%%%%%%%%%%%%%%%%%%%%%%%%%
%%%%%%%%%%%%%%%%%%%%%%%%%%%%%%%%%%%%%%%%%%%%%%%%%%%%%%%%%%%%%%%%%%%%%%%%%%%%%%

@Article{kirk2009pair,
  author    = {Kirk, John G and Bell, AR and Arka, Ioanna},
  journal   = {Plasma Physics and Controlled Fusion},
  title     = {Pair production in counter-propagating laser beams},
  year      = {2009},
  number    = {8},
  pages     = {085008},
  volume    = {51},
  doi       = {10.1088/0741-3335/51/8/085008},
  file      = {:kirk2009pair - Pair Production in Counter Propagating Laser Beams.pdf:PDF},
  publisher = {IOP Publishing},
  
}

@Article{esirkepov2014attractors,
  author  = {Esirkepov, Timur Zh and Bulanov, Stepan S and Koga, James K and Kando, Masaki and Kondo, Kiminori and Rosanov, Nikolay N and Korn, Georg and Bulanov, Sergei V},
  journal = {Physics Letters A},
  title   = {Attractors and chaos of electron dynamics in electromagnetic standing wave},
  year    = {2015},
  number  = {36},
  pages   = {2044},
  volume  = {379},
  doi     = {10.1016/j.physleta.2015.06.017},
  file    = {:esirkepov2014attractors - Attractors and Chaos of Electron Dynamics in Electromagnetic Standing Wave.pdf:PDF},
  
}

@InProceedings{chen1988introduction,
  author    = {Chen, Pisin},
  booktitle = {Frontiers of Particle Beams},
  title     = {An introduction to beamstrahlung and disruption},
  year      = {1988},
  pages     = {495--532},
  publisher = {Springer},
  doi       = {10.1007/BFb0031506},
  file      = {:chen1988introduction - An Introduction to Beamstrahlung and Disruption.pdf:PDF},
  
}

@article{chen1992differential,
  title={Differential luminosity under multiphoton beamstrahlung},
  author={Chen, Pisin},
  journal={Physical Review D},
  volume={46},
  number={3},
  pages={1186},
  year={1992},
  doi       = {10.1103/PhysRevD.46.1186},
  publisher = {APS},
  
}

@Article{hartin2018strong,
  author    = {Hartin, Anthony},
  journal   = {International Journal of Modern Physics A},
  title     = {Strong field {QED} in lepton colliders and electron/laser interactions},
  year      = {2018},
  number    = {13},
  pages     = {1830011},
  volume    = {33},
  doi       = {10.1142/S0217751X18300119},
  file      = {:hartin2018strong - Strong Field QED in Lepton Colliders and Electron_laser Interactions.pdf:PDF},
  publisher = {World Scientific},
  
}

@Article{bulanov2013electromagnetic,
  author    = {Bulanov, SS and Schroeder, CB and Esarey, E and Leemans, WP},
  journal   = {Physical Review A},
  title     = {Electromagnetic cascade in high-energy electron, positron, and photon interactions with intense laser pulses},
  year      = {2013},
  number    = {6},
  pages     = {062110},
  volume    = {87},
  doi       = {10.1103/PhysRevA.87.062110},
  file      = {:bulanov2013electromagnetic - Electromagnetic Cascade in High Energy Electron, Positron, and Photon Interactions with Intense Laser Pulses.pdf:PDF;:https\://link.aps.org/accepted/10.1103/PhysRevA.87.062110:},
  publisher = {APS},
  
}

@article{Sauter31,
	author = {F. Sauter},
	title = {Uber das Verhalten eines Elektrons im homogenen elektrischen Feld nach der relativistischen Theorie Diracs},
	journal = {Z. Phys. A},
	volume = {69},
	number = {11-12},
	pages = {742-764},
	year = {1931},
	doi = {10.1007/BF01339461},
}

@article{Schwinger51,
	Publisher = {American Physical Society},
	author = {Schwinger, J.},
	title = {On Gauge Invariance and Vacuum Polarization},
	journal = {Phys. Rev.},
	volume = {82},
	number = {5},
	pages = {664-679},
	year = {1951},
	doi = {10.1103/PhysRev.82.664},
}

@article{atlas2017evidence,
  title={Evidence for light-by-light scattering in heavy-ion collisions with the ATLAS detector at the LHC},
  journal={Nature physics},
  volume={13},
  number={9},
  pages={852--858},
  year={2017},
  publisher={Nature Publishing Group UK London},
  doi={10.1038/nphys4208}
}


@article{serber1935linear,
  title={Linear modifications in the Maxwell field equations},
  author={Serber, Robert},
  journal={Physical Review},
  volume={48},
  number={1},
  pages={49},
  year={1935},
  publisher={APS},
  doi={10.1103/PhysRev.48.49}
}

@article{heisenberg1936folgerungen,
  title={Folgerungen aus der diracschen theorie des positrons},
  author={Heisenberg, Werner and Euler, Heinrich},
  journal={Zeitschrift f{\"u}r Physik},
  volume={98},
  number={11-12},
  pages={714--732},
  year={1936},
  publisher={Springer},
  doi={10.1007/BF01343663}
}

@inproceedings{dirac1934discussion,
  title={Discussion of the infinite distribution of electrons in the theory of the positron},
  author={Dirac, Paul AM},
  booktitle={Mathematical Proceedings of the Cambridge Philosophical Society},
  volume={30},
  number={2},
  pages={150--163},
  year={1934},
  organization={Cambridge University Press},
  doi={10.1017/S030500410001656X}
}

@article{bennett2006final,
  title={Final report of the E821 muon anomalous magnetic moment measurement at BNL},
  author={Bennett, Gerald W and Bousquet, B and Brown, HN and Bunce, G and Carey, RM and Cushman, P and Danby, GT and Debevec, PT and Deile, M and Deng, H and others},
  journal={Physical Review D},
  volume={73},
  number={7},
  pages={072003},
  year={2006},
  publisher={APS},
  doi={10.1103/PhysRevD.73.072003}
}


@article{hanneke2008new,
  title={New measurement of the electron magnetic moment and the fine structure constant},
  author={Hanneke, David and Fogwell, S and Gabrielse, Gerald},
  journal={Physical review letters},
  volume={100},
  number={12},
  pages={120801},
  year={2008},
  publisher={APS},
  doi={10.1103/PhysRevLett.100.120801}
}


@article{uehling1935polarization,
  title={Polarization effects in the positron theory},
  author={Uehling, Edwin A},
  journal={Physical Review},
  volume={48},
  number={1},
  pages={55},
  year={1935},
  publisher={APS},
  doi={10.1103/PhysRev.48.55}
}

@article{breit1934collision,
  title={Collision of two light quanta},
  author={Breit, Gregory and Wheeler, John A},
  journal={Physical Review},
  volume={46},
  number={12},
  pages={1087},
  year={1934},
  publisher={APS},
  doi={10.1103/PhysRev.46.1087}
}

@article{bethe1934stopping,
  title={On the stopping of fast particles and on the creation of positive electrons},
  author={Bethe, Hans and Heitler, Walter},
  journal={Proceedings of the Royal Society of London. Series A, Containing Papers of a Mathematical and Physical Character},
  volume={146},
  number={856},
  pages={83--112},
  year={1934},
  publisher={The Royal Society London},
  doi={10.1098/rspa.1934.0140}
}



@Article{Bell2008,
  author    = {Bell, A. R. and Kirk, J. G.},
  journal   = {Physical Review Letters},
  title     = {Possibility of Prolific Pair Production with High-Power Lasers},
  year      = {2008},
  pages     = {200403},
  volume    = {101},
  doi       = {10.1103/PhysRevLett.101.200403},
  file      = {:Bell2008 - Possibility of Prolific Pair Production with High Power Lasers.pdf:PDF},
  issue     = {20},
  numpages  = {4},
  publisher = {American Physical Society},
  
}

@Article{nerush2007radiation,
  author    = {Nerush, E and Kostyukov, I},
  journal   = {Physical Review E},
  title     = {Radiation emission by extreme relativistic electrons and pair production by hard photons in a strong plasma wakefield},
  year      = {2007},
  number    = {5},
  pages     = {057401},
  volume    = {75},
  doi       = {10.1103/PhysRevE.75.057401},
  file      = {:nerush2007radiation - Radiation Emission by Extreme Relativistic Electrons and Pair Production by Hard Photons in a Strong Plasma Wakefield.pdf:PDF},
  publisher = {APS},
  
}

@Article{elkina2011qed,
  author    = {Elkina, N. V. and Fedotov, A. M. and Kostyukov, I. Yu. and Legkov, M. V. and Narozhny, N. B. and Nerush, E. N. and Ruhl, H.},
  journal   = {Physical Review Special Topics-Accelerators and Beams},
  title     = {{QED} cascades induced by circularly polarized laser fields},
  year      = {2011},
  number    = {5},
  pages     = {054401},
  volume    = {14},
  doi       = {10.1103/PhysRevSTAB.14.054401},
  file      = {:elkina2011qed - QED Cascades Induced by Circularly Polarized Laser Fields.pdf:PDF},
  publisher = {APS},
  
}


@article{di2012extremely,
  title={Extremely high-intensity laser interactions with fundamental quantum systems},
  author={Di Piazza, A and M{\"u}ller, C and Hatsagortsyan, KZ and Keitel, Ch H},
  journal={Reviews of Modern Physics},
  volume={84},
  number={3},
  pages={1177},
  year={2012},
  publisher={APS}
}

@Article{nerush2017weibel,
  author    = {Nerush, E. N. and Serebryakov, D. A. and Kostyukov, I. Yu.},
  journal   = {Astrophys. J.},
  title     = {Weibel Instability in Hot Plasma Flows with the Production of Gamma-Rays and Electron--Positron Pairs},
  year      = {2017},
  number    = {2},
  pages     = {129},
  volume    = {851},
  doi       = {https://doi.org/10.3847/1538-4357/aa9d1a},
  publisher = {IOP Publishing},
}

@article{meszaros2006gamma,
  title={Gamma-ray bursts},
  author={Meszaros, Peter},
  journal={Reports on Progress in Physics},
  volume={69},
  number={8},
  pages={2259},
  year={2006},
  publisher={IOP Publishing}
}

@article{bhabha1937passage,
  title={The passage of fast electrons and the theory of cosmic showers},
  author={Bhabha, Homi J and Heitler, Walther},
  journal={Proceedings of the Royal Society of London. Series A-Mathematical and Physical Sciences},
  volume={159},
  number={898},
  pages={432--458},
  year={1937},
  publisher={The Royal Society London}
}

@article{efimenko2018extreme,
  title={Extreme plasma states in laser-governed vacuum breakdown},
  author={Efimenko, E. S. and Bashinov, A. V. and Bastrakov, S. I. and Gonoskov, A. A. and Muraviev, A. A. and Meyerov, I. B. and Kim, A. V. and Sergeev, A. M.},
  journal={Scientific reports},
  volume={8},
  number={1},
  pages={2329},
  year={2018},
  publisher={Nature Publishing Group}
}

@Article{dunne2012,
  author  = {Dunne, G. V.},
  journal = {International Journal of Modern Physics A},
  title   = {THE HEISENBERG–EULER EFFECTIVE ACTION: 75 YEARS ON},
  year    = {2012},
  number  = {15},
  pages   = {1260004},
  volume  = {27},
  doi     = {10.1142/S0217751X12600044},
}

@article{semenov1982breakdown,
  title={Волна пробоя в самосогласованном поле электромагнитного волнового пучка},
  author={Семёнов, В. Е.},
  journal={Физика плазмы},
  volume={8},
  number={3},
  pages={613-618},
  year={1982}
}

@article{bollen1983high,
  title={High-power microwave energy coupling to nitrogen during breakdown},
  author={Bollen, W. M. and Yee, C. L. and Ali, A. W. and Nagurney, M. J. and Read, M. E.},
  journal={J. Appl. Phys.},
  volume={54},
  number={1},
  pages={101--106},
  year={1983},
  publisher={AIP}
}

@article{daugherty1982electromagnetic,
  title={Electromagnetic cascades in pulsars},
  author={Daugherty, JK and Harding, AK},
  journal={The Astrophysical Journal},
  volume={252},
  pages={337--347},
  year={1982}
}

@Article{Zhang2020,
  author  = {P. Zhang and S. S. Bulanov and D. Seipt and A. V. Arefiev and A. G. R. Thomas},
  journal = {Physics of Plasmas},
  title   = {Relativistic plasma physics in supercritical fields},
  year    = {2020},
  issn    = {1070-664X},
  pages   = {050601},
  volume  = {27},
  doi     = {10.1063/1.5144449},
} 

@article{gelfer2015optimized,
  title={Optimized multibeam configuration for observation of {QED} cascades},
  author={Gelfer, E. G. and Mironov, A. A. and Fedotov, A. M. and Bashmakov, V. F. and Nerush, E. N. and Kostyukov, I. Yu. and Narozhny, N. B.},
  journal={Phys. Rev. A},
  volume={92},
  number={2},
  pages={022113},
  year={2015},
  publisher={APS}
}

@article{gonoskov2013probing,
  title={Probing nonperturbative {QED} with optimally focused laser pulses},
  author={Gonoskov, A. and Gonoskov, I. and Harvey, Ch. and Ilderton, A. and Kim, A. and Marklund, M. and Mourou, G. and Sergeev, A.},
  journal={Phys. Rev. Lett.},
  volume={111},
  number={6},
  pages={060404},
  year={2013},
  publisher={APS}
}

@article{Wilks1992,
  title={Absorption of ultra-intense laser pulses},
  author={Wilks, SC and Kruer, WL and Tabak, M and Langdon, AB},
  journal={Physical review letters},
  volume={69},
  number={9},
  pages={1383},
  year={1992},
  publisher={APS}
}

@article{macchi2013ion,
  title={Ion acceleration by superintense laser-plasma interaction},
  author={Macchi, A. and Borghesi, M. and Passoni, M.},
  journal={Rev. Mod. Phys.},
  volume={85},
  number={2},
  pages={751},
  year={2013},
  publisher={APS}
}

@article{kirk2013pair,
  title={Pair plasma cushions in the hole-boring scenario},
  author={Kirk, J. G. and Bell, A. R. and Ridgers, C. P.},
  journal={Plasma Phys. Control. Fusion},
  volume={55},
  number={9},
  pages={095016},
  year={2013},
  publisher={IOP Publishing}
}


@inproceedings{mironov2017observable,
  title={Observable Features of {QED} Cascades in Collisions of GeV Electrons with Intense Laser Pulses},
  author={Mironov, A. and Fedotov, A. and Narozhny, N.},
  booktitle={Journal of Physics: Conference Series},
  volume={826},
  number={1},
  pages={012029},
  year={2017},
  organization={IOP Publishing}
}

@article{muraviev2015generation,
  title={Generation of current sheets and giant quasistatic magnetic fields at the ionization of vacuum in extremely strong light fields},
  author={Muraviev, A. A. and Bastrakov, S. I. and Bashinov, A. V. and Gonoskov, A. A. and Efimenko, E. S. and Kim, A. V. and Meyerov, I. B. and Sergeev, A. M.},
  journal={JETP Lett.},
  volume={102},
  number={3},
  pages={148--153},
  year={2015},
  publisher={Springer}
}

@article{bashmakov2014effect,
  title={Effect of laser polarization on quantum electrodynamical cascading},
  author={Bashmakov, V. F. and Nerush, E. N. and Kostyukov, I. Yu. and Fedotov, A. M. and Narozhny, N. B.},
  journal={Phys. Plasmas},
  volume={21},
  number={1},
  pages={013105},
  year={2014},
  publisher={AIP}
}

@article{narozhny2015quantum,
  title={Quantum-electrodynamic cascades in intense laser fields},
  author={Narozhny, N. B. and Fedotov, A. M.},
  journal={Physics Uspekhi},
  volume={58},
  number={1},
  pages={95},
  year={2015},
  doi       = {10.3367/ufne.0185.201501i.0103},
  publisher = {IOP Publishing},
  
}

@Article{efimenko2019laser,
  author    = {Efimenko, E. S. and Bashinov, A. V. and Gonoskov, A. A. and Bastrakov, S. I. and Muraviev, A. A. and Meyerov, I. B. and Kim, A. V. and Sergeev, A. M.},
  journal   = {Physical Review E},
  title     = {Laser-driven plasma pinching in ${e}^{\ensuremath{-}}{e}^{+}$ cascade},
  year      = {2019},
  pages     = {031201},
  volume    = {99},
  doi       = {10.1103/PhysRevE.99.031201},
  file      = {:efimenko2019laser - Laser Driven Plasma Pinching in $e^ E^+$ Cascade.pdf:PDF},
  issue     = {3},
  numpages  = {6},
  publisher = {American Physical Society},
  
}

@Article{Kostyukov2016,
  author  = {Kostyukov, I. Yu. and Nerush, E. N.},
  journal = {Physics of Plasmas},
  title   = {Production and dynamics of positrons in ultrahigh intensity laser-foil interactions},
  year    = {2016},
  number  = {9},
  pages   = {093119},
  volume  = {23},
  doi     = {10.1063/1.4962567},
  file    = {:Kostyukov2016 - Production and Dynamics of Positrons in Ultrahigh Intensity Laser Foil Interactions.pdf:PDF},
  
}

@Article{grismayer2016laser,
  author    = {Grismayer, T. and Vranic, M. and Martins, J. L. and Fonseca, R. A. and Silva, L. O.},
  journal   = {Physics of Plasmas},
  title     = {Laser absorption via quantum electrodynamics cascades in counter propagating laser pulses},
  year      = {2016},
  number    = {5},
  pages     = {056706},
  volume    = {23},
  doi       = {10.1063/1.4950841},
  file      = {:grismayer2016laser - Laser Absorption Via Quantum Electrodynamics Cascades in Counter Propagating Laser Pulses.pdf:PDF},
  publisher = {AIP Publishing},
  
}

@article{DelSorbo2018spin,
  title     = {{E}lectron spin polarization in realistic trajectories around the magnetic
               node of two counter-propagating, circularly polarized, ultra-intense lasers},
  author    = {{D}el {S}orbo, {D} and {S}eipt, {D} and {T}homas, {A} {G} {R} and
               {R}idgers, {C} {P}},
  journal   = {{P}lasma {P}hysics and {C}ontrolled {F}usion},
  volume    = {60},
  number    = {6},
  pages     = {064003},
  year      = {2018},
  publisher = {{IOP} {P}ublishing},
  doi       = {10.1088/1361-6587/aab979},
}

@Article{grismayer2017seeded,
  author    = {Grismayer, T. and Vranic, M. and Martins, J. L. and Fonseca, R. A. and Silva, L. O.},
  journal   = {Physical Review E},
  title     = {{Seeded {QED} cascades in counterpropagating laser pulses}},
  year      = {2017},
  pages     = {023210},
  volume    = {95},
  doi       = {10.1103/PhysRevE.95.023210},
  file      = {:grismayer2017seeded - Seeded QED Cascades in Counterpropagating Laser Pulses.pdf:PDF},
  issue     = {2},
  numpages  = {8},
  publisher = {American Physical Society},
  
}

@Article{jirka2017qed,
  author    = {Jirka, Martin and Klimo, Ondrej and Vranic, Marija and Weber, Stefan and Korn, Georg},
  journal   = {Scientific Reports},
  title     = {QED cascade with 10 PW-class lasers},
  year      = {2017},
  number    = {1},
  pages     = {15302},
  volume    = {7},
  doi       = {10.1038/s41598-017-15747-1},
  file      = {:jirka2017qed - QED Cascade with 10 PW Class Lasers.pdf:PDF},
  publisher = {Nature Publishing Group},
  
}

@Article{luo2018qed,
  author    = {Luo, Wen and Liu, Wei-Yuan and Yuan, Tao and Chen, Min and Yu, Ji-Ye and Li, Fei-Yu and Del Sorbo, D and Ridgers, CP and Sheng, Zheng-Ming},
  journal   = {Scientific Reports},
  title     = {QED cascade saturation in extreme high fields},
  year      = {2018},
  number    = {1},
  pages     = {8400},
  volume    = {8},
  doi       = {10.1038/s41598-018-26785-8},
  file      = {:luo2018qed - QED Cascade Saturation in Extreme High Fields.pdf:PDF},
  publisher = {Nature Publishing Group},
  
}

@Article{Yuan2018,
  author  = {T. Yuan and J. Y. Yu and W. Y. Liu and S. M. Weng and X. H. Yuan and W. Luo and M. Chen and Z. M. Sheng and J. Zhang},
  journal = {Plasma Physics and Controlled Fusion},
  title   = {Spatiotemporal distributions of pair production and cascade in solid targets irradiated by ultra-relativistic lasers with different polarizations},
  year    = {2018},
  issn    = {0741-3335},
  pages   = {065003},
  volume  = {60},
  doi     = {10.1088/1361-6587/aab3ba},
  
}

@Article{del2018ion,
  author    = {Del Sorbo, D. and Blackman, D. R. and Capdessus, R. and Small, K. and Slade-Lowther, C. and Luo, W. and Duff, M. J. and Robinson, A. P. L. and McKenna, P. and Sheng, Z. M. and others},
  journal   = {New Journal of Physics},
  title     = {Efficient ion acceleration and dense electron--positron plasma creation in ultra-high intensity laser-solid interactions},
  year      = {2018},
  number    = {3},
  pages     = {033014},
  volume    = {20},
  publisher = {IOP Publishing},
  doi = {10.1088/1367-2630/aaae61},
  
}

@article{gonoskov2012dipole,
  title={Dipole pulse theory: Maximizing the field amplitude from $4\pi$ focused laser pulses},
  author={Gonoskov, I. and Aiello, A. and Heugel, S. and Leuchs, G.},
  journal={Phys. Rev. A},
  volume={86},
  number={5},
  pages={053836},
  year={2012},
  publisher={APS}
}

@article{bulanov2010multiple,
  title={Multiple colliding electromagnetic pulses: a way to lower the threshold of e+ e- pair production from vacuum},
  author={Bulanov, S. S. and Mur, V. D. and Narozhny, N. B. and Nees, J. and Popov, V. S.},
  journal={Phys. Rev. Lett.},
  volume={104},
  number={22},
  pages={220404},
  year={2010},
  publisher={APS}
}

@article{timokhin2010time,
  title={{Time-dependent pair cascades in magnetospheres of neutron stars--I. Dynamics of the polar cap cascade with no particle supply from the neutron star surface}},
  author={Timokhin, A. N.},
  journal={Mon. Not. R. Astron. Soc.},
  volume={408},
  number={4},
  pages={2092--2114},
  year={2010},
  publisher={Blackwell Publishing Ltd Oxford, UK}
}

@book{rao1998extensive,
  title={Extensive air showers},
  author={Rao, M. V. S. and Sreekantan, B. V.},
  year={1998},
  publisher={World scientific}
}

@article{mironov2014collapse,
  title={Collapse and revival of electromagnetic cascades in focused intense laser pulses},
  author={Mironov, A. A. and Narozhny, N. B. and Fedotov, A. M.},
  journal={Phys. Lett. A},
  volume={378},
  number={44},
  pages={3254--3257},
  year={2014},
  publisher={Elsevier}
}

@Article{Martinez2019,
  author    = {Martinez, B and Lobet, M and Duclous, R and d'Humi{\`e}res, E and Gremillet, L},
  journal   = {Physics of Plasmas},
  title     = {High-energy radiation and pair production by Coulomb processes in particle-in-cell simulations},
  year      = {2019},
  number    = {10},
  pages     = {103109},
  volume    = {26},
  publisher = {AIP Publishing LLC},
}

@Article{kostyukov2018growth,
  author    = {Kostyukov, I Yu and Artemenko, II and Nerush, EN},
  title     = {Growth rate of QED cascades in a rotating electric field},
  journal   = {Problems of Atomic Science and Technology},
  year      = {2018},
  number    = {4},
  pages     = {259--263},
}

@Article{Lu2018,
  author  = {Yu Lu and Tong-Pu Yu and Li-Xiang Hu and Zhe-Yi Ge and Wei-Quan Wang and Jian-Xun Liu and Ke Liu and Yan Yin and Fu-Qiu Shao},
  journal = {Plasma Physics and Controlled Fusion},
  title   = {Enhanced copious electron–positron pair production via electron injection from a mass-limited foil},
  year    = {2018},
  issn    = {0741-3335},
  pages   = {125008},
  volume  = {60},
  doi     = {10.1088/1361-6587/aae819},
  
}

@Article{Luo2018,
  author  = {Wen Luo and Shao-Dong Wu and Wei-Yuan Liu and Yan-Yun Ma and Fei-Yu Li and Tao Yuan and Ji-Ye Yu and Min Chen and Zheng-Ming Sheng},
  journal = {Plasma Physics and Controlled Fusion},
  title   = {Enhanced electron-positron pair production by two obliquely incident lasers interacting with a solid target},
  year    = {2018},
  issn    = {0741-3335},
  pages   = {095006},
  volume  = {60},
  doi = {10.1088/1361-6587/aad211},
  
}


@article{PhysRevE_94_063204,
  title = {Influence of ${e}^{\ensuremath{-}}{e}^{+}$ creation on the radiative trapping in ultraintense fields of colliding laser pulses},
  author = {Baumann, C. and Pukhov, A.},
  journal = {Physical Review E},
  volume = {94},
  issue = {6},
  pages = {063204},
  numpages = {6},
  year = {2016},
  publisher = {American Physical Society},
  doi = {10.1103/PhysRevE.94.063204},
  
}

@TechReport{xie1998quantum,
  author      = {Xie, Ming},
  institution = {Lawrence Berkeley National Lab., CA (US)},
  title       = {Quantum suppression of beamstrahlung for future e+ e-linear colliders},
  year        = {1998},
  
}

@Article{niel2018quantum,
  author    = {Niel, F and Riconda, C and Amiranoff, Fran{\c{c}}ois and Duclous, R and Grech, M},
  journal   = {Physical Review E},
  title     = {From quantum to classical modeling of radiation reaction: A focus on stochasticity effects},
  year      = {2018},
  issn      = {2470-0045},
  number    = {4},
  pages     = {043209},
  volume    = {97},
  doi       = {10.1103/physreve.97.043209},
  publisher = {APS},
  
}

@Article{phinney2000slc,
  author    = {Phinney, Nan},
  journal   = {arXiv preprint physics/0010008},
  title     = {SLC final performance and lessons},
  year      = {2000},
  doi       = {10.2172/784718},
  publisher = {Office of Scientific and Technical Information ({OSTI})},
  
}

@Article{bassetti1983properties,
  author    = {Bassetti, M and Bosser, Jacques and Gygi-Hanney, M and Hofmann, A and Keil, E and Coisson, R},
  journal   = {IEEE Transactions on Nuclear Science},
  title     = {Properties and possible use of beam-beam synchrotron radiation},
  year      = {1983},
  issn      = {0018-9499},
  number    = {4},
  pages     = {2182--2184},
  volume    = {30},
  doi       = {10.1109/tns.1983.4332754},
  publisher = {IEEE},
  
}

@Article{danson2019petawatt,
  author    = {Danson, Colin N and Haefner, Constantin and Bromage, Jake and Butcher, Thomas and Chanteloup, Jean-Christophe F and Chowdhury, Enam A and Galvanauskas, Almantas and Gizzi, Leonida A and Hein, Joachim and Hillier, David I and others},
  journal   = {High Power Laser Science and Engineering},
  title     = {Petawatt and exawatt class lasers worldwide},
  year      = {2019},
  issn      = {2095-4719},
  volume    = {7},
  page = {e54},
  doi       = {10.1017/hpl.2019.36},
  publisher = {Cambridge University Press},
  
}

%%%%%%%%%%%%%%%%%%%%%%%%%%%%%%%%%%%%%%%%%%%%%%%%%%%%%%%%%%%%%%%%%%%%%%%%%%%%%%
%%%%%%%%%%%%%%%%%%%%%%%%%%%%%%%%%%%%%%%%%%%%%%%%%%%%%%%%%%%%%%%%%%%%%%%%%%%%%%

@Article{shen2018exploring,
  author    = {Shen, Baifei and Bu, Zhigang and Xu, Jiancai and Xu, Tongjun and Ji, Liangliang and Li, Ruxin and Xu, Zhizhan},
  journal   = {Plasma Physics and Controlled Fusion},
  title     = {Exploring vacuum birefringence based on a 100 PW laser and an x-ray free electron laser beam},
  year      = {2018},
  issn      = {0741-3335},
  number    = {4},
  pages     = {044002},
  volume    = {60},
  doi       = {10.1088/1361-6587/aaa7fb},
  publisher = {IOP Publishing},
  
}

@Article{zou2015design,
  author    = {Zou, JP and Le Blanc, C and Papadopoulos, DN and Ch{\'e}riaux, Gilles and Georges, Patrick and Mennerat, G and Druon, Fr{\'e}d{\'e}ric and Lecherbourg, L and Pellegrina, A and Ramirez, Patricia and others},
  journal   = {High Power Laser Science and Engineering},
  title     = {Design and current progress of the Apollon 10 PW project},
  year      = {2015},
  issn      = {2095-4719},
  volume    = {3},
   page = {e2},
  doi       = {10.1017/hpl.2014.41},
  publisher = {Cambridge University Press},
  
}

@Article{schroeder2010physics,
  author    = {Schroeder, CB and Esarey, Eric and Geddes, CGR and Benedetti, Carlo and Leemans, WP},
  journal   = {Physical Review Special Topics-Accelerators and Beams},
  title     = {Physics considerations for laser-plasma linear colliders},
  year      = {2010},
  issn      = {1098-4402},
  number    = {10},
  pages     = {101301},
  volume    = {13},
  doi       = {10.1103/physrevstab.13.101301},
  publisher = {APS},
  
}

@article{Gonoskov14,
	Adsbibcode = {2014PhRvL.113a4801G},
	author = {Gonoskov, A. and Bashinov, A. and Gonoskov, I. and Harvey, C. and Ilderton, A. and Kim, A. and Marklund, M. and Mourou, G. and Sergeev, A.},
	title = {Anomalous Radiative Trapping in Laser Fields of Extreme Intensity},
	journal = {Physical Review Letters},
	volume = {113},
	pages = {014801},
	year = {2014},
	doi = {10.1103/PhysRevLett.113.014801},
}

@Article{Vay08,
  author    = {J.-L. Vay},
  journal   = {Physics of Plasmas},
  title     = {Simulation of beams or plasmas crossing at relativistic velocity},
  year      = {2008},
  number    = {5},
  pages     = {056701},
  volume    = {15},
  doi       = {10.1063/1.2837054},
  publisher = {American Institute of Physics},
  
}

@Article{di2008exact,
  author    = {Di Piazza, Antonino},
  journal   = {Letters in Mathshen2018exploringematical Physics},
  title     = {Exact solution of the Landau-Lifshitz equation in a plane wave},
  year      = {2008},
  issn      = {1573-0530},
  number    = {3},
  pages     = {305--313},
  volume    = {83},
  doi       = {10.1007/s11005-008-0228-9},
  eprint    = {0801.1751v2},
  publisher = {Springer},
  
}

@Article{gonoskov2021charged,
  author  = {Gonoskov, A and Blackburn, TG and Marklund, M and Bulanov, SS},
  journal = {arXiv preprint arXiv:2107.02161},
  title   = {Charged particle motion and radiation in strong electromagnetic fields},
  year    = {2021},
  
}

@article{bula1996observation,
  title={Observation of nonlinear effects in Compton scattering},
  author={Bula, C and McDonald, KT and Prebys, EJ and Bamber, C and Boege, S and Kotseroglou, T and Melissinos, AC and Meyerhofer, DD and Ragg, W and Burke, DL and others},
  journal={Physical Review Letters},
  volume={76},
  number={17},
  pages={3116},
  year={1996},
  publisher={APS},
  doi = {10.1103/PhysRevLett.76.3116}
}

@article{burke1997positron,
  title={Positron production in multiphoton light-by-light scattering},
  author={Burke, DL and Field, RC and Horton-Smith, G and Spencer, JE and Walz, D and Berridge, SC and Bugg, WM and Shmakov, K and Weidemann, AW and Bula, C and others},
  journal={Physical Review Letters},
  volume={79},
  number={9},
  pages={1626},
  year={1997},
  publisher={APS},
  doi={10.1103/PhysRevLett.79.1626}
}


@InCollection{SULF,
  author    = {Gan, Zebiao and Yu, Lianghong and Wang, Cheng and Liu, Yanqi and Xu, Yi and Li, Wenqi and Li, Shuai and Yu, Linpeng and Wang, Xinliang and Liu, Xinyan and others},
  booktitle = {Progress in Ultrafast Intense Laser Science XVI},
  publisher = {Springer},
  title     = {The Shanghai Superintense Ultrafast Laser Facility (SULF) Project},
  year      = {2021},
  pages     = {199--217},
  doi       = {10.1007/978-3-030-75089-3_10},
  
}

@Article{neitz2013stochasticity,
  author    = {Neitz, Norman and Di Piazza, Antonino},
  journal   = {Physical review letters},
  title     = {Stochasticity effects in quantum radiation reaction},
  year      = {2013},
  number    = {5},
  pages     = {054802},
  volume    = {111},
  doi       = {10.1103/PhysRevLett.111.054802},
  publisher = {APS},
  
}

% @Article{ritus1985quantum,
%   author    = {Ritus, VI},
%   journal   = {J. Sov. Laser Res.;(United States)},
%   title     = {Quantum effects of the interaction of elementary particles with an intense electromagnetic field},
%   year      = {1985},
%   number    = {5},
%   pages     = {497--617},
%   volume    = {6},
%   doi       = {10.1007/BF01120220},
%   publisher = {Springer},
  
% }

@Article{ritus1985quantum,
  author    = {Ритус, В. И.},
  journal   = {Труды ФИАН},
  title     = {Квантовые эффекты взаимодействия элементарных частиц с интенсивным электромагнитным полем.},
  year      = {1979},
  pages     = {5--151},
  volume    = {111},
  
}

@Article{Lu2019,
  author      = {Yingchao Lu and Chengkun Huang and Patrick Kilian and Fan Guo and Hui Li and Edison Liang},
  % title       = {An \mathcal{O}(N) Maxwell solver with improved numerical dispersion properties},
  title       = {An O(N) Maxwell solver with improved numerical dispersion properties},
  eprint      = {1907.13088},
  eprintclass = {physics.plasm-ph},
  eprinttype  = {arXiv},
  file        = {:http\://arxiv.org/pdf/1907.13088v2:PDF},
  keywords    = {physics.plasm-ph, physics.comp-ph},
}

@Article{Xu2019,
  author      = {Xinlu Xu and Fei Li and Frank S. Tsung and Thamine N. Dalichaouch and Weiming An and Han Wen and Viktor K. Decyk and Ricardo A. Fonseca and Mark J. Hogan and Warren B. Mori},
  title       = {On numerical errors to the fields surrounding a relativistically moving particle in PIC codes},
  doi         = {10.1016/j.jcp.2020.109451},
  eprint      = {1910.13529},
  eprintclass = {physics.plasm-ph},
  eprinttype  = {arXiv},
  file        = {:http\://arxiv.org/pdf/1910.13529v1:PDF},
  keywords    = {physics.plasm-ph, physics.comp-ph},
}

@Article{Li2020,
  author      = {Fei Li and Kyle G. Miller and Xinlu Xu and Frank S. Tsung and Viktor K. Decyk and Weiming An and Ricardo A. Fonseca and Warren B. Mori},
  title       = {A new field solver for modeling of relativistic particle-laser interactions using the particle-in-cell algorithm},
  eprint      = {2004.03754},
  eprintclass = {physics.comp-ph},
  eprinttype  = {arXiv},
  file        = {:http\://arxiv.org/pdf/2004.03754v1:PDF},
  keywords    = {physics.comp-ph, physics.plasm-ph},
}

@Article{Meyers2014,
  author      = {M. D. Meyers and C. -K. Huang and Y. Zeng and S. A. Yi and B. J. Albright},
  title       = {On the Numerical Dispersion of Electromagnetic Particle-In-Cell Code : Finite Grid Instability},
  doi         = {10.1016/j.jcp.2015.05.037},
  eprint      = {1407.5253},
  eprintclass = {physics.plasm-ph},
  eprinttype  = {arXiv},
  file        = {:http\://arxiv.org/pdf/1407.5253v1:PDF},
  keywords    = {physics.plasm-ph, physics.comp-ph},
}

@Article{Yu2015,
  author   = {Peicheng Yu and Xinlu Xu and Adam Tableman and Viktor K. Decyk and Frank S. Tsung and Frederico Fiuza and Asher Davidson and Jorge Vieira and Ricardo A. Fonseca and Wei Lu and Luis O. Silva and Warren B. Mori},
  journal  = {Computer Physics Communications},
  title    = {Mitigation of numerical Cerenkov radiation and instability using a hybrid finite difference-FFT Maxwell solver and a local charge conserving current deposit},
  year     = {2015},
  pages    = {144-152},
  volume   = {197},
  doi      = {10.1016/j.cpc.2015.08.026},
  keywords = {physics.comp-ph},
}

@Article{Blinne2017,
  author    = {Blinne, Alexander and Schinkel, David and Kuschel, Stephan and Elkina, Nina and Rykovanov, Sergey and Zepf, Matt},
  journal   = {Computer Physics Communications},
  title     = {A systematic approach to numerical dispersion in Maxwell solvers},
  year      = {2018},
  pages     = {273--281},
  volume    = {224},
  doi       = {10.1016/j.cpc.2017.10.010},
  publisher = {Elsevier},
}

@Article{greenwood2004elimination,
  author    = {Greenwood, Andrew D and Cartwright, Keith L and Luginsland, John W and Baca, Ernest A},
  journal   = {Journal of Computational Physics},
  title     = {On the elimination of numerical Cerenkov radiation in PIC simulations},
  year      = {2004},
  number    = {2},
  pages     = {665--684},
  volume    = {201},
  publisher = {Elsevier},
}

@Article{Ridgers12,
  author    = {Ridgers, C. P. and Brady, C. S. and Duclous, R. and Kirk, J. G. and Bennett, K. and Arber, T. D. and Robinson, A. P. L. and Bell, A. R.},
  journal   = {Phys. Rev. Lett.},
  title     = {Dense Electron-Positron Plasmas and Ultraintense $\gamma$-rays from Laser-Irradiated Solids},
  year      = {2012},
  number    = {16},
  pages     = {165006},
  volume    = {108},
  doi       = {10.1103/PhysRevLett.108.165006},
  issue     = {16},
  numpages  = {5},
  publisher = {American Physical Society},
  
}

@Article{Nerush11a,
  author    = {Nerush, E. N. and Kostyukov, I. Yu. and Fedotov, A. M. and Narozhny, N. B. and Elkina, N. V. and Ruhl, H.},
  journal   = {Phys. Rev. Lett.},
  title     = {Laser Field Absorption in Self-Generated Electron-Positron Pair Plasma},
  year      = {2011},
  number    = {3},
  pages     = {035001},
  volume    = {106},
  doi       = {10.1103/PhysRevLett.106.035001},
  issue     = {3},
  numpages  = {4},
  publisher = {American Physical Society},
  
}

@Article{sampath2021extremely,
  author    = {Sampath, Archana and Davoine, Xavier and Corde, S{\'e}bastien and Gremillet, Laurent and Gilljohann, Max and Sangal, Maitreyi and Keitel, Christoph H and Ariniello, Robert and Cary, John and Ekerfelt, Henrik and others},
  journal   = {Phys. Rev. Lett.},
  title     = {Extremely Dense Gamma-Ray Pulses in Electron Beam-Multifoil Collisions},
  year      = {2021},
  number    = {6},
  pages     = {064801},
  volume    = {126},
  publisher = {APS},
}

@Article{rosenzweig1991acceleration,
  author    = {Rosenzweig, JB and Breizman, B and Katsouleas, T and Su, JJ},
  journal   = {Phys. Rev. A},
  title     = {Acceleration and focusing of electrons in two-dimensional nonlinear plasma wake fields},
  year      = {1991},
  number    = {10},
  pages     = {R6189},
  volume    = {44},
  publisher = {APS},
}

@Article{pukhov2002laser,
  author    = {Pukhov, Alexander and Meyer-ter-Vehn, J{\"u}rgen},
  journal   = {Appl. Phys. B},
  title     = {Laser wake field acceleration: the highly non-linear broken-wave regime},
  year      = {2002},
  number    = {4},
  pages     = {355--361},
  volume    = {74},
  publisher = {Springer},
}

@Article{kostyukov2004phenomenological,
  author    = {Kostyukov, I and Pukhov, A and Kiselev, S},
  journal   = {Phys. Plasmas},
  title     = {Phenomenological theory of laser-plasma interaction in “bubble” regime},
  year      = {2004},
  number    = {11},
  pages     = {5256--5264},
  volume    = {11},
  publisher = {American Institute of Physics},
}

@Article{xu2013numerical,
  author    = {Xu, Xinlu and Yu, Peicheng and Martins, Samual F and Tsung, Frank S and Decyk, Viktor K and Vieira, Jorge and Fonseca, Ricardo A and Lu, Wei and Silva, Luis O and Mori, Warren B},
  title     = {Numerical instability due to relativistic plasma drift in EM-PIC simulations},
  journal   = {Computer Physics Communications},
  year      = {2013},
  volume    = {184},
  number    = {11},
  pages     = {2503--2514},
  publisher = {Elsevier},
}

@Article{godfrey2013numerical,
  author    = {Godfrey, Brendan B and Vay, Jean-Luc},
  title     = {Numerical stability of relativistic beam multidimensional PIC simulations employing the Esirkepov algorithm},
  journal   = {Journal of Computational Physics},
  year      = {2013},
  volume    = {248},
  pages     = {33--46},
  publisher = {Elsevier},
}

@Article{nerush2011analytical,
  author    = {Nerush, EN and Bashmakov, VF and Kostyukov, I Yu},
  journal   = {Physics of Plasmas},
  title     = {Analytical model for electromagnetic cascades in rotating electric field},
  year      = {2011},
  number    = {8},
  pages     = {083107},
  volume    = {18},
  publisher = {American Institute of Physics},
}

@Book{Berestetskii82,
  author    = {V. B. Berestetskii and E. M. Lifshitz and L. P. Pitaevskii},
  publisher = {Pergamon},
  title     = {Quantum Electrodynamics},
  year      = {1982},
  address   = {New York},
  doi       = {10.1016/C2009-0-24486-2},
  file      = {:berestetskii1982quantum - Quantum Electrodynamics.pdf:PDF},
  
}

@Article{liseykina2021IFE,
  author    = {{L}iseykina, {T}atyana {V}. and {M}acchi, {A}ndrea and {P}opruzhenko, {S}ergey {V}.},
  journal   = {{T}he {E}uropean {P}hysical {J}ournal {P}lus},
  title     = {{Q}uantum effects on radiation friction driven magnetic field generation},
  year      = {2021},
  number    = {2},
  pages     = {170},
  volume    = {136},
  doi       = {10.1140/epjp/s13360-020-01030-2},
  publisher = {{S}pringer {S}cience and {B}usiness {M}edia {LLC}},
  
}

@Article{DelSorbo2017Spin,
  author    = {{D}el {S}orbo, {D}. and {S}eipt, {D}. and {B}lackburn, {T}. {G}. and {T}homas, {A}. {G}. {R}. and {M}urphy, {C}. {D}. and {K}irk, {J}. {G}. and {R}idgers, {C}. {P}.},
  journal   = {{P}hysical {R}eview {A}},
  title     = {{S}pin polarization of electrons by ultraintense lasers},
  year      = {2017},
  number    = {4},
  pages     = {043407},
  volume    = {96},
  doi       = {10.1103/physreva.96.043407},
  publisher = {{A}merican {P}hysical {S}ociety ({APS})},
  
}

@Article{Chen2019spin,
  author    = {{C}hen, {Y}ue-{Y}ue and {H}e, {P}ei-{L}un and {S}haisultanov, {R}ashid and {H}atsagortsyan, {K}aren {Z}. and {K}eitel, {C}hristoph {H}.},
  journal   = {{P}hysical {R}eview {L}etters},
  title     = {{P}olarized {P}ositron {B}eams via {I}ntense {T}wo-{C}olor {L}aser {P}ulses},
  year      = {2019},
  number    = {17},
  pages     = {174801},
  volume    = {123},
  doi       = {10.1103/physrevlett.123.174801},
  publisher = {{A}merican {P}hysical {S}ociety ({APS})},
  
}

@Article{Seipt2019spin,
  author    = {Seipt, Daniel and Del Sorbo, Dario and Ridgers, Christopher P. and Thomas, Alec G. R.},
  journal   = {Physical Review A},
  title     = {Ultrafast polarization of an electron beam in an intense bichromatic laser field},
  year      = {2019},
  number    = {6},
  pages     = {061402},
  volume    = {100},
  doi       = {10.1103/PhysRevA.100.061402},
  publisher = {APS},
  
}

@article{Wu2019spin,
  title     = {{P}olarized electron-beam acceleration driven by vortex laser pulses},
  author    = {{W}u, {Y}itong and {J}i, {L}iangliang and {G}eng, {X}uesong and {Y}u, {Q}in
               and {W}ang, {N}engwen and {F}eng, {B}o and {G}uo, {Z}hao and {W}ang,
               {W}eiqing and {Q}in, {C}hengyu and {Y}an, {X}ue and {Z}hang, {L}ingang and
               {T}homas, {J}ohannes and {H}ützen, {A}nna and {B}üscher, {M}arkus and
               {R}akitzis, {T} {P}eter and {P}ukhov, {A}lexander and {S}hen, {B}aifei and
               {L}i, {R}uxin},
  journal   = {{N}ew {J}ournal of {P}hysics},
  volume    = {21},
  number    = {7},
  pages     = {073052},
  year      = {2019},
  publisher = {{IOP} {P}ublishing},
  
  doi       = {10.1088/1367-2630/ab2fd7},
}

@article{Wan2020spin,
  title     = {{U}ltrarelativistic polarized positron jets via collision of electron and
               ultraintense laser beams},
  author    = {{W}an, {F}eng and {S}haisultanov, {R}ashid and {L}i, {Y}an-{F}ei and
               {H}atsagortsyan, {K}aren {Z}. and {K}eitel, {C}hristoph {H}. and {L}i,
               {J}ian-{X}ing},
  journal   = {{P}hysics {L}etters {B}},
  volume    = {800},
  pages     = {135120},
  year      = {2020},
  publisher = {{E}lsevier {BV}},
  
  direct    = {S0370269319308421},
  doi       = {10.1016/j.physletb.2019.135120},
}

@Article{Li2020spin,
  author    = {{L}i, {Y}an-{F}ei and {C}hen, {Y}ue-{Y}ue and {W}ang, {W}ei-{M}in and {H}u, {H}ua-{S}i},
  journal   = {{P}hysical {R}eview {L}etters},
  title     = {{P}roduction of {H}ighly {P}olarized {P}ositron {B}eams via {H}elicity {T}ransfer from {P}olarized {E}lectrons in a {S}trong {L}aser {F}ield},
  year      = {2020},
  number    = {4},
  pages     = {044802},
  volume    = {125},
  doi       = {10.1103/physrevlett.125.044802},
  publisher = {{A}merican {P}hysical {S}ociety ({APS})},
  
}

@article{Seipt2021PolarizedQEDcascad,
  title     = {Polarized {QED} cascades},
  author    = {Seipt, Daniel and Ridgers, Christopher P and Del Sorbo,
               Dario and Thomas, Alec G R},
  journal   = {New Journal of Physics},
  volume    = {23},
  number    = {5},
  pages     = {053025},
  year      = {2021},
  publisher = {IOP Publishing},
  doi       = {10.1088/1367-2630/abf584},
}

@article{Artemenko20,
	Publisher = {IOP Publishing},
	author = {Artemenko, Ivan I. and Nerush, Evgeny Nikolaevich and Kostyukov, Igor},
	title = {Quasiclassical approach to synergic synchrotron-Cherenkov radiation in polarized vacuum},
	journal = {New Journal of Physics},
	volume = {22},
	pages = {093072},
	year = {2020},
	doi = {10.1088/1367-2630/abb388},
}

@Article{gong2021retrieving,
  author    = {Gong, Zheng and Hatsagortsyan, Karen Z and Keitel, Christoph H},
  journal   = {Physical review letters},
  title     = {Retrieving transient magnetic fields of ultrarelativistic laser plasma via ejected electron polarization},
  year      = {2021},
  number    = {16},
  pages     = {165002},
  volume    = {127},
  doi       = {10.1103/physrevlett.127.165002},
  publisher = {APS},
}

@Article{li2019ultrarelativistic,
  author    = {Li, Yan-Fei and Shaisultanov, Rashid and Hatsagortsyan, Karen Z and Wan, Feng and Keitel, Christoph H and Li, Jian-Xing},
  journal   = {Physical review letters},
  title     = {Ultrarelativistic electron-beam polarization in single-shot interaction with an ultraintense laser pulse},
  year      = {2019},
  number    = {15},
  pages     = {154801},
  volume    = {122},
  doi       = {10.1103/physrevlett.122.154801},
  publisher = {APS},
}

@Comment{jabref-meta: databaseType:bibtex;}
